3059 5142
428 605 472 695 de
502 613 605 697 attuit
629 512 896 708 0ἰίτὼἷῶ
1016 595 1242 733 449

237 749 390 880 Labitur
413 801 603 877 occiduae
609 824 674 896 per
696 803 767 876 iter
788 801 944 877 decline·
951 775 1192 878 senecae

232 925 382 1001 Subruit
405 926 496 1000 haec
520 925 600 999 aeui
626 905 900 1029 demoliturque
911 923 1044 1017 prioris
1141 924 1143 929 ’
1177 921 1192 967 '¹

233 1048 397 1128 Robora
473 1024 650 1140 meique
646 1045 753 1122 Milo
778 1044 918 1141 senior,
951 1065 1034 1121 cum
1052 1045 1197 1160 speum

784 1169 912 1243 inanes
1111 1198 1114 1203 ·

202 1332 206 1341 ·
231 1290 346 1390 Illos,
371 1295 432 1390 qui
456 1286 602 1367 fuerant
623 1287 814 1366 solidarum
835 1298 956 1365 morte
979 1269 1186 1370 ferarum
1238 1398 1242 1405 ι

232 1415 423 1519 Herculeit
446 1415 593 1505 similes,
619 1413 749 1487 fluidos
774 1413 931 1508 pendere
954 1415 1122 1490 lacertos.
1234 1406 1236 1411 ’

231 1540 317 1622 Flet
350 1552 523 1673 quoque}
558 1549 601 1608 ut
624 1535 663 1615 in
686 1533 858 1629 speculo
861 1540 966 1632 ru'gas
1001 1537 1189 1637 conspexit

474 1663 481 1673 '
581 1664 689 1705 -’·)
749 1658 913 1731 aniles
1015 1683 1019 1699 ·
1137 1660 1153 1701 '·
1284 1729 1295 1734 ..

210 1783 439 1879 -Tyndaris,
466 1779 666 1870 &secum²
691 1794 755 1856 cur
779 1781 826 1856 fit
845 1781 900 1887 bit
925 1795 1046 1878 rapta,
1070 1789 1188 1892 requie
1312 1833 1314 1837 .
1369 1821 1371 1826 ·

216 1968 225 1974 .
829 1897 904 1976 'riti
1112 1912 1117 1931 ·

189 2104 414 2239 Quos
429 2153 521 2204 vero
553 2130 644 2219 fic·
632 2152 669 2204 m
701 2128 849 2206 homine
877 2106 1074 2208 discernere
1103 2058 1190 2214 licet

182 2255 334 2332 effectus
361 2256 405 2328 ab
431 2255 499 2328 hac
523 2255 649 2327 aetatis
681 2253 908 2343 mutatione,
947 2257 1095 2331 eosdem
1125 2266 1190 2334 ὑφ’

185 2380 375 2464 natoriae,
407 2379 594 2469 totiusque
620 2371 816 2448 Historiae
820 2379 994 2453 naturalis
1020 2372 1190 2456 attentio}¹

182 2523 243 2576 rea
265 2498 538 2594 speculationesr
552 2497 719 2572 uniuerso
733 2493 874 2571 animali
897 2518 1010 2594 regne
1030 2498 1188 2579 commui
1216 2494 1219 2501 '
1289 2492 1313 2563 s
1341 2521 1355 2601 Ι·
1382 2546 1384 2551 .

185 2646 252 2699 nes
280 2621 349 2696 effe
375 2620 531 2712 docent,
558 2620 655 2696 unde
676 2623 771 2695 idem
784 2617 883 2693 Naso
909 2614 1061 2714 aliquam
1082 2614 1214 2700 'natu'

181 2748 312 2835 ralium
334 2747 460 2818 harum
474 2745 813 2838 metamorphosrum
837 2744 1047 2837 particulam
1070 2747 1108 2823 in
1131 2768 1189 2845 ge·

185 2890 275 2944 nere
307 2871 498 2942 brutorum
526 2870 795 2963 cornigerorum
822 2865 1084 2963 descripturus,
1110 2884 1189 2946 cof·

185 3004 352 3084 nuaque,
378 2992 514 3084 inquit,
541 2990 703 3075 exuitur,
727 3008 895 3062 necnon
922 3010 1003 3062 cum
1020 2995 1190 3068 cornibus

186 3134 314 3188 annos.
428 3111 667 3186 Recurraurus
694 3094 815 3183 autern
839 3108 883 3181 ad
908 3110 1110 3210 hominem,
1137 3117 1191 3188 vi·
1330 3183 1336 3212 ‚

186 3235 259 3327 suri
284 3235 432 3330 propius
456 3220 630 3328 producta
653 3230 826 3319 mirabilia
849 3232 943 3307 illius
965 3234 1189 3344 mutationis,

189 3380 298 3455 quam
321 3357 394 3432 solu
418 3358 571 3450 parturit
592 3357 717 3430 aetatis
743 3357 891 3430 alterata
913 3356 1018 3432 ratio.
1061 3350 1063 3355 ’
1141 3418 1143 3423 .

289 3577 365 3691 Res
389 3580 442 3656 est
457 3585 720 3678 experientiae,
743 3601 814 3659 nec
833 3585 967 3661 veritae
991 3581 1107 3684 longia
1127 3576 1207 3675 dei

189 3727 289 3803 mum
311 3707 436 3780 anxiae
457 3707 740 3789 ratiocinationis
765 3707 1005 3783 titubantibus
1038 3709 1190 3807 amhagi2
1296 3786 1298 3791 ,

189 3830 401 3920 buceruta,
429 3850 591 3924 magnam
612 3830 681 3907 effe
697 3830 775 3909 vim
792 3829 1002 3906 mutationis
1017 3833 1192 3937 aetatum,

190 3955 260 4029 uti
274 3952 317 4025 ad
341 3951 559 4057 inducendas
574 3949 765 4033 morbosus
782 3950 1048 4048 dispofitiones,
1068 3954 1122 4030 fic
1144 3953 1192 4029 ad

189 4073 403 4229 vincendos
417 4069 574 4174 ebapr,
597 4076 634 4153 u
657 4074 891 4177 cucurutium
899 4079 1054 4161 morbos
1084 4078 1193 4176 pluri·
1245 4077 1247 4081 ’
1279 4109 1282 4117 ’
1327 4168 1330 4172 ,

954 4288 965 4299 x
1096 4217 1205 4291 Βοὴ
