3059 5142
348 650 437 743 422
555 598 843 715 Relationes'&
862 598 1156 737 Obseruatiorre'i

348 820 426 897 lero
451 815 618 895 excidisse
641 818 774 894 'verber
820 815 877 891 Zu
898 813 1044 891 Breslau
1076 810 1139 890 hai
1167 811 1231 891 der
1251 814 1287 889 F
1289 798 1370 889 reni-

347 936 510 1033 zoefifcb'e
541 938 745 1033 Historicur
776 934 962 1035 Froifflrrd
974 937 1042 1015 alle
1068 934 1270 1035 Gescbicbre
1301 946 1372 1014 mit

130 1066 135 1075 '
207 1132 215 1143 .
336 1060 479 1167 filchen
518 1070 588 1140 mit
621 1060 684 1139 der
723 1060 836 1141 Feder
865 1058 1110 1167 gezeicbneten
1134 1060 1283 1139 Bildern
1299 1088 1372 1167 ge·

347 1196 474 1268 zieret.
526 1186 674 1265 Sensum
691 1188 888 1263 coniicient
901 1188 1118 1264 nasutiores:
1146 1188 1226 1287 quis
1242 1194 1371 1264 autern

347 1310 560 1415 persuaserit
582 1312 666 1400 fibi,
690 1331 854 1385 mentem
880 1312 978 1387 suam
1002 1337 1077 1389 non
1095 1303 1294 1386 distinfflu‘s
1308 1336 1371 1386 ex-

265 1418 272 1433 ⁸
348 1436 501 1539 posuisse
525 1435 778 1545 Koehlerumi
804 1459 840 1535 p.
868 1449 926 1523 28.
950 1439 985 1510 S.
1008 1436 1121 1515 Derla
1147 1458 1213 1533 pro
1242 1430 1371 1510 Thecla

346 1562 500 1663 legitur:
542 1560 601 1638 sed
633 1559 781 1661 culpam
803 1557 896 1633 feret
925 1556 1070 1634 fortasse
1095 1560 1368 1659 typographus.

347 1684 436 1762 lbid.
477 1682 671 1789 Castmirur'
713 1680 845 1761 Vtinm
892 1683 1052 1773 occurrit
1065 1706 1080 1771 ,·
1132 1684 1194 1783 qui
1233 1681 1369 1757 resisus

334 1806 507 1909 ,ominus
544 1807 721 1884 scribitur.
794 1803 853 1880 Est
883 1828 1008 1883 autem
1039 1808 1110 1881 h'ac
1139 1806 1211 1908 ipsa
1232 1806 1369 1907 pagina

334 1928 497 2035 'gr-ouius
521 1952 702 2020 erratum,
727 1932 764 2005 in
789 1928 861 2003 istis
883 1932 1026 2023 verbis:
1049 1910 1134 2007 'Der
1150 1930 1370 2035 firgennnnte

352 2030 470 2133 Cddex
489 2053 758 2129 Alexandrinus
786 2054 870 2128 noui
900 2052 1106 2147 Testamenti
1135 2036 1369 2134 Bibliothecae

347 2178 558 2260 Bodleianne
584 2182 624 2254 in
646 2176 799 2283 Anglia.
852 2178 972 2255 Primo
994 2204 1070 2253 non
1093 2181 1194 2254 Noui
1220 2176 1366 2261 saltem,

348 2302 410 2407 sed
435 2302 474 2378 &
497 2302 633 2378 veteris
662 2300 867 2409 testamenti
888 2300 1000 2378 libros
1025 2300 1283 2402 eompleiiritur
1316 2297 1368 2373 sa·

249 2408 265 2511 ¹,
348 2420 561 2502 mofiffimus
584 2420 649 2499 iste
670 2425 808 2511 codex,
836 2422 992 2501 secundo
1020 2429 1142 2529 regius
1165 2445 1266 2516 erat,
1294 2446 1368 2500 non

347 2548 586 2640 Bodleianus,
615 2548 668 2623 vti
689 2546 795 2647 plura
822 2547 867 2621 de
885 2549 959 2625 hoc'
980 2551 1107 2626 codice
1124 2574 1170 2625 ex
1193 2549 1367 2651 Prolego·

350 2676 467 2748 menis
500 2672 693 2745 Grabianis
721 2668 786 2744 Ed.
814 2672 934 2747 LXX.
966 2648 1132 2748 virorum
1161 2674 1200 2749 δι
1225 2673 1367 2775 praesa·

350 2798 452 2871 tione
475 2793 554 2869 Cel.
577 2792 802 2896 Breitingeri
822 2796 960 2871 hauriri
983 2795 1149 2897 possunt,
1174 2797 1239 2872 vbi
1255 2799 1366 2872 etiam

351 2916 532 3017 specimen
555 2910 683 2990 donus
704 2914 908 3009 litterarum
926 2920 964 2995 in
978 2900 1106 2997 codice
1122 2920 1243 2997 vsrtati
1267 2920 1366 2995 exhi·

351 3042 469 3118 betur.
495 3043 556 3137 (z)
583 3040 654 3117 Sed
677 3034 876 3120 innumeris
902 3043 979 3121 aliis
1004 3045 1211 3149 supersedeo
1235 3064 1367 3119 notan·

1300 3168 1363 3243 dis:

391 3367 439 3447 (q)
454 3366 522 3425 Sine
540 3362 654 3433 dubio,
678 3360 780 3426 ficei.
802 3364 898 3425 Autor
915 3366 976 3444 ipse
997 3365 1049 3427 has
1066 3364 1191 3427 Schedes
1213 3385 1283 3426 curn
1301 3385 1365 3426 eru·

429 3469 492 3528 dito
516 3466 651 3527 voluiffet
666 3469 748 3527 orbe
774 3471 1009 3539 communicare,
1040 3470 1073 3530 in
1098 3467 1365 3545 commemorandis

429 3569 586 3633 Codicibus
603 3572 729 3649 graecis,
748 3569 929 3631 recensuisset
947 3572 1034 3631 etiam
1050 3571 1291 3653 Euangelinrium
1311 3571 1363 3632 Ge·

427 3671 553 3734 neuense
577 3672 740 3733 vncinlibus
759 3680 907 3734 exaratum
928 3674 1053 3743 litteris,
1078 3672 1249 3755 &egregie
1273 3675 1364 3735 serua·

423 3791 506 3843 tum,
532 3773 613 3854 quod
640 3776 715 3853 ipse,
748 3775 893 3836 beueuole
924 3776 1170 3838 commonstrante
1193 3776 1364 3843 Dostiffimo

426 3876 1159 3957 BssrliorhecnrioDn.[rediminspexi&codicem
1180 3898 1365 3958 purpureum

428 3981 633 4063 Tigurinum,
651 3984 794 4062 argenteis
811 3983 949 4062 scriptum
967 3983 1091 4051 litteris,
1108 3980 1266 4052 leudoffet,
1285 3983 1365 4045 cuius

429 4085 557 4163 puriter,
587 4104 655 4145 cum
680 4084 790 4166 Tiguri
811 4085 960 4168 degerem,
980 4085 1089 4153 intuitu
1108 4085 1172 4143 sum
1192 4084 1365 4171 deiecimus.

430 4186 463 4257 &
481 4205 570 4268 quem
588 4185 701 4250 erudite
720 4185 915 4291 differnrmne
928 4187 1082 4248 iilustrouir
1091 4184 1307 4251 Celeberrimos
1316 4187 1366 4252 iii

1279 4309 1365 4370 quem
