3059 5142
202 588 205 597 ·
259 522 312 649 38'
550 533 741 645 Wagneri
771 538 972 627 Memoria
1014 524 1019 559 ¹
1079 614 1106 627 .,
1162 606 1230 664 ,ν
1268 547 1274 554 ’

133 724 161 783 ’-
255 724 419 825 spondit,
443 725 543 822 quod
564 751 610 802 ex
636 730 728 835 seqq.
749 733 1040 834 speciminibus,
1083 696 1178 837 quae
1204 737 1273 815 sai-

254 884 331 939 tem
351 847 467 977 surore
440 848 699 950 sauviana,
731 877 831 976 quod
850 877 981 966 aiunt,
1023 880 1272 982 attingamus,

124 1021 126 1025 ·
162 1052 165 1057 ,
252 985 460 1061 luculenter
480 993 659 1088 patebit.
684 995 929 1106 Genealogias
954 1001 1161 1103 Principum
1191 1023 1276 1087 tani

133 1142 138 1147 ·
252 1128 492 1200 exterorum,
521 1137 628 1211 quarn
653 1117 900 1212 Germaniae,
898 1122 1189 1240 populorum
1178 1146 1274 1210 item

252 1255 405 1322 mores,
431 1237 607 1325 virtutes,
636 1263 680 1313 ac
696 1243 818 1349 vitia,
830 1245 1134 1334 consuetudines,
1158 1271 1273 1332 acies

198 1438 201 1443 ,
232 1424 235 1430 ,
252 1354 395 1469 gestas,
430 1357 468 1430 ὃν
498 1361 535 1431 id
566 1385 682 1460 genus
701 1362 796 1455 alia,
830 1365 1067 1464 promtissima
1091 1346 1284 1458 memoria¹

252 1480 399 1566 tenuit,
423 1499 596 1586 tanquam
617 1486 708 1560 alter
727 1487 889 1586 Vlyises,
917 1494 977 1591 qui
995 1492 1197 1584 multorum
1217 1496 1269 1581 ci:

252 1620 389 1695 vitares
404 1623 517 1713 vidit,
542 1608 600 1690 iiiii
615 1611 684 1694 νόον
709 1612 818 1720 ipio,
850 1646 894 1706 vt
914 1630 1034 1718 scribit
1050 1624 1266 1715 Homerus,
1298 1696 1300 1701 ,

189 1790 194 1807 .
251 1739 317 1823 ic.
329 1765 490 1821 mentem
502 1736 689 1855 cognouit3
699 1729 867 1837 omnibus
878 1750 1153 1836 tnet'iaminter
1167 1748 1267 1822 Prin,

252 1867 343 1966 cipis
368 1868 522 1970 scyphos
536 1921 549 1961 ,
587 1874 716 1975 quibus
744 1877 925 1953 ordinarie
951 1877 1124 1961 intererat
1138 1906 1158 1967 ·,
1184 1893 1267 1972 per·

237 1989 434 2082 modeste,
456 1996 553 2093 quasi
572 1998 623 2070 nii
647 1999 771 2087 sciret,
799 1996 1043 2084 dissimulatis,
1072 1986 1267 2105 doneqvel

125 2148 129 2153 ·
199 2182 203 2195 ,
250 2113 521 2218 interrogatus,
545 2123 633 2221 quid
651 2124 724 2221 ipse
748 2121 918 2210 sentiret,
952 2119 1164 2221 respondit„
1202 2114 1268 2221 vei

138 2244 164 2283 ‘¹
249 2262 474 2338 prouocatus
500 2247 600 2343 quod
616 2245 709 2320 alter
720 2245 808 2338 falso
822 2241 1004 2343 jadabat,
1021 2243 1202 2341 correxit,
1219 2265 1277 2325 ca.

249 2364 521 2457 inmodestia,
565 2387 609 2444 vt
629 2367 753 2449 iocum
785 2393 857 2444 non
882 2369 1034 2449 haberet
1066 2386 1262 2460 erumpens

249 2483 370 2585 aliqua
390 2488 550 2565 offenso.
602 2491 737 2576 Amicis
752 2482 984 2594 paucis,sed
994 2487 1166 2591 integris,
1187 2510 1263 2567 non
1297 2575 1302 2584 .

245 2608 318 2716 fine
334 2610 499 2711 singulari
522 2612 753 2709 jucunditate
779 2616 892 2703 animi
908 2614 979 2701 fuit
1003 2609 1109 2699 ustis,
1136 2608 1262 2684 multi·
1291 2598 1294 2605 ¹

244 2734 364 2807 tudini
384 2738 431 2809 ob
450 2735 633 2813 vafritiem
656 2737 886 2837 ingeniorum
907 2737 1015 2822 huius
1038 2730 1146 2819 seculi
1168 2729 1260 2811 diffi-

243 2853 329 2945 sus,
354 2876 543 2957 tamquam
564 2861 622 2932 vir
634 2860 738 2933 sobrii
758 2850 1097 2958 &perspicacissimi
1115 2852 1259 2955 judicii,

242 2978 288 3051 ad
315 2979 403 3063 nihii
422 3008 495 3057 non
507 3030 521 3070 ‚
535 2964 646 3081 quod
668 2983 922 3070 obseruatione
946 2980 1097 3079 dignum
1118 2975 1259 3079 judica-

177 3189 181 3196 ,
240 3104 304 3177 bat
312 3155 326 3194 ,
357 3107 544 3198 intentus3
569 3107 679 3215 etiam
698 3098 1080 3211 pretiosorumexquis
1070 3120 1142 3172 tus
1154 3097 1259 3173 aesti-

229 3228 384 3319 matbr,
408 3255 511 3330 quae
516 3249 651 3328 apatre
667 3227 859 3337 congesta,
881 3225 1014 3324 sibique
1030 3219 1154 3309 relisia
1170 3245 1259 3320 pos·
1283 3249 1290 3261 ·

235 3351 349 3443 sedit,
372 3380 418 3430 ne
432 3354 537 3432 flocci
558 3353 738 3453 pendere,
761 3370 830 3441 aut
843 3347 1056 3455 negligere
1041 3346 1256 3435 videretur,

168 3478 170 3483 '
234 3500 329 3577 quae
344 3496 420 3552 tarn
444 3476 626 3554 sumtuosa
641 3476 829 3576 diligentia
852 3464 1130 3559 desideratissimi
1151 3471 1256 3569 geniq

231 3602 322 3675 toris
356 3599 607 3676 constiterunt.
681 3596 928 3699 Summatiinq
958 3592 1254 3680 consummatum

228 3721 403 3799 Auiicum
415 3774 428 3815 ,
455 3743 622 3803 nontam
645 3712 872 3810 imitatione,
905 3742 1014 3816 quam
1038 3715 1252 3814 cognitione

227 3864 375 3921 morum
391 3845 609 3922 Aulicoruni
629 3840 753 3943 spisse,
775 3839 1030 3978 cognoscimus
1056 3859 1102 3931 ex
1126 3834 1252 3915 officio

137 3990 179 4054 ,ἢ
227 3966 417 4080 Gynaecei
432 3964 540 4049 aulici
558 3964 827 4056 Praesedurae,
843 3954 997 4065 quod
959 3986 1066 4051 uiro,
1088 3982 1164 4035 non
1187 3958 1252 4046 nisi
1295 4000 1302 4039 ι

225 4106 303 4166 tam
319 4093 481 4248 virtute,
505 4115 615 4192 quam
634 4090 807 4255 sanguine
827 4086 964 4192 nobili,
991 4085 1109 4189 probo
1114 4128 1140 4258 ἃ
1141 4104 1265 4258 esspo

1191 4204 1240 4288 θν
