3059 5142
309 608 313 614 ,
362 529 405 643 βε
421 529 548 631 Libris
570 539 645 613 lam
658 527 758 612 nouis
778 547 883 644 quam
897 528 1065 639 antiquit
1160 541 1263 637 -547

268 706 584 816 Technophylacii
611 719 838 820 Bibliotheca
852 694 1092 812 ‘ieperiretun
1182 718 1268 797 Col·
1313 791 1316 799 .

261 851 346 924 latis
375 847 471 923 enim
476 846 641 944 singulis
671 844 839 938 paginisr
884 842 1066 936 signaturis
1100 844 1264 945 chartae,

259 970 434 1068 primis&
452 969 584 1041 ultimis
614 969 862 1040 columnarum
884 963 1024 1057 syllabis
1047 967 1123 1041 &c.
1135 970 1267 1052 identi-

241 1105 378 1167 tatem
400 1064 592 1186 persestam
614 1111 757 1163 mecum
780 1103 1005 1192 agnouerunt
1024 1090 1116 1163 Viri
1121 1090 1266 1203 Clariffi·
1285 1127 1288 1132 ·

258 1216 310 1292 mi
334 1215 409 1288 Dni
432 1212 530 1286 Prof.
557 1234 791 1300 vorzrus,
819 1232 1097 1305 visenenus,
1130 1215 1263 1295 &un-

261 1349 402 1416 s'sius.
500 1333 628 1407 Titelli
655 1333 889 1427 psalmorum,
916 1335 977 1427 qui
998 1336 1035 1410 in
1058 1339 1172 1413 altero
1194 1363 1260 1414 no·

256 1460 333 1537 stro
349 1459 542 1554 exemplari
558 1452 681 1534 refesti
699 1456 800 1548 sunt,
826 1479 847 1528 a
865 1453 937 1528 fine
954 1461 1149 1534 voluminis
1165 1485 1261 1540 com·

255 1598 411 1682 parent3
445 1605 487 1655 ac
513 1591 698 1675 praeterea
724 1581 854 1652 folium
875 1601 931 1674 29
958 1581 995 1653 in
1016 1596 1122 1658 textu
1145 1609 1266 1664 exeni-
1383 1595 1386 1603 '

257 1707 365 1805 piaris
390 1706 514 1800 primi,
541 1718 583 1776 ut
605 1725 650 1775 ex
675 1723 848 1798 compage
871 1703 933 1774 vel
955 1703 1118 1779 iunslura
1138 1711 1263 1787 videre

256 1843 355 1924 erat,
382 1825 588 1918 abscissum,
615 1828 793 1920 integrum
815 1801 896 1898 lieic
913 1807 1140 1919 conspicitur.
1225 1886 1229 1890 .

361 2026 454 2100 Cum
478 2027 586 2131 igitur
602 2048 673 2121 per
698 2045 844 2097 omnem
864 1982 1092 2101 Germaniam
1116 2004 1192 2105 non
1214 2037 1265 2108 ni·

256 2154 285 2231 st
301 2165 457 2246 quatuor
474 2151 548 2222 huc
565 2169 681 2242 usque
703 2146 920 2239 exemplaria
932 2148 1182 2227 vetustissimae
1199 2157 1263 2229 hn-
1305 2148 1307 2155 ’

225 2278 309 2351 'ius
334 2275 533 2350 Bibliorum
564 2293 675 2369 germ.
709 2270 877 2342 editionis
903 2270 1151 2365 innotuerint,
1186 2281 1260 2354 duo
1363 2308 1365 2313 ·

256 2402 328 2476 iam
357 2398 455 2487 alia,
481 2393 772 2491 Stutgardianum
800 2394 976 2482 alterum,
1014 2416 1057 2467 ac
1091 2330 1272 2499 deinceps

254 2516 501 2594 Gorlicense
490 2539 528 2591 m
553 2519 671 2590 lucem
689 2516 865 2611 produsla
879 2517 1064 2619 videmus,
1085 2518 1122 2592 ’ἃ
1137 2523 1260 2603 fortas-

252 2645 299 2719 s1s
319 2645 421 2738 plura
440 2641 557 2714 adhuc
577 2640 802 2726 videbimus,
812 2639 939 2711 srvin
932 2639 1049 2714 dosii
1070 2642 1261 2723 bibliothe.

252 2789 313 2840 cas
337 2763 414 2838 suas
435 2766 499 2836 vel
520 2764 682 2858 publicas
706 2764 770 2837 vel
785 2763 951 2857 priuatas
972 2763 1130 2858 penitius
1153 2781 1258 2877 excn

251 2905 330 2965 tere
354 2888 481 2998 velint.

376 3051 569 3126 Caeterum
600 3053 682 3144 quia
706 3049 806 3125 Ven.
829 3049 904 3125 Dn.
929 3075 1062 3132 nisse
1092 3056 1129 3129 in
1158 3060 1259 3136 ador·

249 3176 368 3252 nanda
403 3177 509 3250 huius
540 3174 708 3248 editionis
740 3175 895 3270 pleniori
926 3176 1162 3271 descriptione
1192 3186 1260 3258 ela·

250 3301 377 3389 borat,
410 3319 543 3393 operae
577 3299 733 3392 pretium
763 3319 847 3370 eum
877 3297 1053 3374 faslurum
1085 3301 1258 3382 existime·
1326 3310 1351 3379 .'
1385 3400 1388 3411 Ι

249 3445 350 3516 mus,
376 3423 402 3496 sr
427 3441 503 3494 non
526 3433 686 3512 tantum,
710 3441 803 3514 quae
829 3421 874 3494 ad
902 3425 1045 3496 annales
1070 3423 1258 3526 Typogra.
1316 3424 1320 3446 '

250 3546 379 3641 phicos
397 3565 439 3616 ac
452 3541 633 3617 historiam
653 3541 835 3617 Editionis
852 3545 1042 3618 literariam
1063 3550 1258 3643 pertinent,

248 3665 353 3744 sed&
370 3668 448 3761 quis
466 3665 641 3740 versionis
664 3666 790 3740 auster
809 3662 872 3760 fit,
898 3688 973 3759 quo
989 3683 1154 3764 tempore
1177 3696 1256 3751 eam
1370 3679 1385 3752 ’.

250 3762 543 3880 concinnauerit,
576 3810 622 3864 ex
652 3808 813 3883 quonam
836 3800 962 3882 textu,
990 3813 1036 3865 an
1058 3814 1107 3876 ex
1128 3795 1254 3893 fonte,

249 3924 303 3988 an
321 3911 420 4007 quod
440 3913 664 3987 verisimilius
690 3911 773 4004 est,
808 3933 855 3986 ex
877 3915 1023 4010 vulgata
1044 3917 1155 3994 latina
1174 3944 1256 3997 ver·
1332 3915 1335 3921 ’

246 4038 369 4133 lione,
394 4035 455 4111 sed
469 4038 682 4132 perantiqua
701 4039 832 4132 procul
857 4036 990 4136 dubio,
1016 4041 1181 4138 adeoque
1205 4067 1252 4122 ex
1284 4125 1286 4129 ,

1169 4188 1252 4244 ver·
