<?xml version="1.0" encoding="UTF-8"?>
<!DOCTYPE html PUBLIC "-//W3C//DTD XHTML 1.0 Transitional//EN"
    "http://www.w3.org/TR/xhtml1/DTD/xhtml1-transitional.dtd">
<html xmlns="http://www.w3.org/1999/xhtml" xml:lang="en" lang="en">
 <head>
  <title>
</title>
<meta http-equiv="Content-Type" content="text/html;charset=utf-8" />
  <meta name='ocr-system' content='tesseract 3.04.00' />
  <meta name='ocr-capabilities' content='ocr_page ocr_carea ocr_par ocr_line ocrx_word'/>
</head>
<body>
  <div class='ocr_page' id='page_1' title='image "./henrguilclemmii00clemgoog_0451.png"; bbox 0 0 3059 5142; ppageno 0'>
   <div class='ocr_carea' id='block_1_1' title="bbox 205 572 1215 707">
    <p class='ocr_par' dir='ltr' id='par_1_1' title="bbox 205 572 1215 707">
     <span class='ocr_line' id='line_1_1' title="bbox 205 572 1215 707; baseline 0.008 -36"><span class='ocrx_word' id='word_1_1' title='bbox 205 658 211 671; x_wconf 94' lang='lat'><strong>.</strong></span> <span class='ocrx_word' id='word_1_2' title='bbox 272 591 315 677; x_wconf 86' lang='lat' dir='ltr'>de</span> <span class='ocrx_word' id='word_1_3' title='bbox 335 572 462 677; x_wconf 81' lang='lat' dir='ltr'>Libris</span> <span class='ocrx_word' id='word_1_4' title='bbox 477 605 563 675; x_wconf 80' lang='lat' dir='ltr'>nm</span> <span class='ocrx_word' id='word_1_5' title='bbox 582 588 697 675; x_wconf 84' lang='lat' dir='ltr'>nonis</span> <span class='ocrx_word' id='word_1_6' title='bbox 714 611 837 699; x_wconf 76' lang='lat' dir='ltr'>nuum</span> <span class='ocrx_word' id='word_1_7' title='bbox 853 584 1040 705; x_wconf 74' lang='lat' dir='ltr'><em>antiquis.</em></span> <span class='ocrx_word' id='word_1_8' title='bbox 1109 618 1161 707; x_wconf 85' lang='lat'>43</span> <span class='ocrx_word' id='word_1_9' title='bbox 1168 618 1215 703; x_wconf 72' lang='grc' dir='ltr'>ς,</span> 
     </span>
    </p>
   </div>
   <div class='ocr_carea' id='block_1_2' title="bbox 178 780 1329 886">
    <p class='ocr_par' dir='ltr' id='par_1_2' title="bbox 178 780 1329 886">
     <span class='ocr_line' id='line_1_2' title="bbox 178 780 1329 886; baseline -0.001 -25"><span class='ocrx_word' id='word_1_10' title='bbox 178 786 253 861; x_wconf 92' lang='lat' dir='ltr'>iam</span> <span class='ocrx_word' id='word_1_11' title='bbox 280 809 376 859; x_wconf 86' lang='lat' dir='ltr'>anno</span> <span class='ocrx_word' id='word_1_12' title='bbox 406 784 546 886; x_wconf 80' lang='lat' dir='ltr'>Lipfiae</span> <span class='ocrx_word' id='word_1_13' title='bbox 587 780 699 859; x_wconf 85' lang='lat' dir='ltr'>fuerit</span> <span class='ocrx_word' id='word_1_14' title='bbox 736 781 884 873; x_wconf 86' lang='lat' dir='ltr'>recusa,</span> <span class='ocrx_word' id='word_1_15' title='bbox 900 792 920 859; x_wconf 64' lang='grc' dir='ltr'>’τι</span> <span class='ocrx_word' id='word_1_16' title='bbox 938 792 1028 863; x_wconf 86' lang='lat' dir='ltr'>&#39;cum</span> <span class='ocrx_word' id='word_1_17' title='bbox 1071 784 1194 861; x_wconf 84' lang='lat' dir='ltr'>attcn·¹</span> <span class='ocrx_word' id='word_1_18' title='bbox 1324 842 1329 851; x_wconf 85' lang='lat'><strong><em>.</em></strong></span> 
     </span>
    </p>
   </div>
   <div class='ocr_carea' id='block_1_3' title="bbox 177 904 1199 1369">
    <p class='ocr_par' dir='ltr' id='par_1_3' title="bbox 177 904 1199 1369">
     <span class='ocr_line' id='line_1_3' title="bbox 179 904 1198 1009; baseline 0.004 -24"><span class='ocrx_word' id='word_1_19' title='bbox 179 911 284 985; x_wconf 92' lang='lat' dir='ltr'>tione</span> <span class='ocrx_word' id='word_1_20' title='bbox 309 907 486 1009; x_wconf 88' lang='lat' dir='ltr'>legerunt.</span> <span class='ocrx_word' id='word_1_21' title='bbox 511 904 767 983; x_wconf 82' lang='lat' dir='ltr'>Phantafinata</span> <span class='ocrx_word' id='word_1_22' title='bbox 781 908 879 982; x_wconf 85' lang='lat' dir='ltr'>enim</span> <span class='ocrx_word' id='word_1_23' title='bbox 894 909 1125 1009; x_wconf 80' lang='lat' dir='ltr'>qudiundam</span> <span class='ocrx_word' id='word_1_24' title='bbox 1141 932 1198 989; x_wconf 81' lang='lat' dir='ltr'>re·</span> 
     </span>
     <span class='ocr_line' id='line_1_4' title="bbox 178 1020 1197 1132; baseline 0 -25"><span class='ocrx_word' id='word_1_25' title='bbox 178 1034 417 1123; x_wconf 78' lang='lat' dir='ltr'>semiorum,</span> <span class='ocrx_word' id='word_1_26' title='bbox 465 1032 598 1132; x_wconf 88' lang='lat' dir='ltr'>quibus</span> <span class='ocrx_word' id='word_1_27' title='bbox 634 1020 929 1107; x_wconf 65' lang='lat' dir='ltr'>contraeundum</span> <span class='ocrx_word' id='word_1_28' title='bbox 961 1029 1031 1107; x_wconf 78' lang='lat' dir='ltr'>eise</span> <span class='ocrx_word' id='word_1_29' title='bbox 1069 1054 1197 1109; x_wconf 87' lang='lat' dir='ltr'>omnes</span> 
     </span>
     <span class='ocr_line' id='line_1_5' title="bbox 177 1153 1199 1256; baseline -0.002 -23"><span class='ocrx_word' id='word_1_30' title='bbox 177 1156 404 1233; x_wconf 82' lang='lat' dir='ltr'>cordatiores</span> <span class='ocrx_word' id='word_1_31' title='bbox 437 1153 619 1256; x_wconf 90' lang='lat' dir='ltr'>Theologi</span> <span class='ocrx_word' id='word_1_32' title='bbox 649 1156 906 1255; x_wconf 87' lang='lat' dir='ltr'>praecipiunt,</span> <span class='ocrx_word' id='word_1_33' title='bbox 953 1179 1065 1255; x_wconf 91' lang='lat' dir='ltr'>quam</span> <span class='ocrx_word' id='word_1_34' title='bbox 1101 1178 1199 1231; x_wconf 81' lang='lat' dir='ltr'>vana</span> 
     </span>
     <span class='ocr_line' id='line_1_6' title="bbox 179 1275 1198 1369; baseline 0.005 -17"><span class='ocrx_word' id='word_1_35' title='bbox 179 1277 275 1368; x_wconf 87' lang='lat' dir='ltr'>smt,</span> <span class='ocrx_word' id='word_1_36' title='bbox 316 1303 393 1355; x_wconf 90' lang='lat' dir='ltr'>non</span> <span class='ocrx_word' id='word_1_37' title='bbox 424 1277 582 1355; x_wconf 88' lang='lat' dir='ltr'>ostendit</span> <span class='ocrx_word' id='word_1_38' title='bbox 612 1278 725 1354; x_wconf 91' lang='lat' dir='ltr'>modo</span> <span class='ocrx_word' id='word_1_39' title='bbox 757 1275 840 1355; x_wconf 91' lang='lat' dir='ltr'>Cel.</span> <span class='ocrx_word' id='word_1_40' title='bbox 873 1276 1034 1369; x_wconf 62' lang='lat' dir='ltr'>Audon</span> <span class='ocrx_word' id='word_1_41' title='bbox 1054 1278 1132 1355; x_wconf 88' lang='lat' dir='ltr'>.sed</span> <span class='ocrx_word' id='word_1_42' title='bbox 1157 1278 1198 1357; x_wconf 79' lang='lat' dir='ltr'>dc</span> 
     </span>
    </p>
   </div>
   <div class='ocr_carea' id='block_1_4' title="bbox 176 1401 1325 1503">
    <p class='ocr_par' dir='ltr' id='par_1_4' title="bbox 176 1401 1325 1503">
     <span class='ocr_line' id='line_1_7' title="bbox 176 1401 1325 1503; baseline -0.001 -25"><span class='ocrx_word' id='word_1_43' title='bbox 176 1422 359 1503; x_wconf 88' lang='lat' dir='ltr'>quantum</span> <span class='ocrx_word' id='word_1_44' title='bbox 385 1403 564 1477; x_wconf 84' lang='lat' dir='ltr'>momenti</span> <span class='ocrx_word' id='word_1_45' title='bbox 592 1402 630 1476; x_wconf 92' lang='lat' dir='ltr'>in</span> <span class='ocrx_word' id='word_1_46' title='bbox 656 1401 896 1501; x_wconf 78' lang='lat' dir='ltr'>scripturaria</span> <span class='ocrx_word' id='word_1_47' title='bbox 926 1402 1009 1478; x_wconf 86' lang='lat' dir='ltr'>idea</span> <span class='ocrx_word' id='word_1_48' title='bbox 1034 1404 1081 1479; x_wconf 88' lang='lat' dir='ltr'>de</span> <span class='ocrx_word' id='word_1_49' title='bbox 1106 1404 1198 1479; x_wconf 90' lang='lat' dir='ltr'>arbi·</span> <span class='ocrx_word' id='word_1_50' title='bbox 1323 1484 1325 1491; x_wconf 61' lang='grc'>,</span> 
     </span>
    </p>
   </div>
   <div class='ocr_carea' id='block_1_5' title="bbox 177 1523 1201 1752">
    <p class='ocr_par' dir='ltr' id='par_1_5' title="bbox 177 1523 1201 1752">
     <span class='ocr_line' id='line_1_8' title="bbox 179 1523 1201 1627; baseline 0.003 -27"><span class='ocrx_word' id='word_1_51' title='bbox 179 1528 252 1600; x_wconf 91' lang='lat' dir='ltr'>trio</span> <span class='ocrx_word' id='word_1_52' title='bbox 279 1528 377 1601; x_wconf 85' lang='lat' dir='ltr'>circa</span> <span class='ocrx_word' id='word_1_53' title='bbox 396 1526 611 1627; x_wconf 86' lang='lat' dir='ltr'>religionem</span> <span class='ocrx_word' id='word_1_54' title='bbox 634 1526 758 1599; x_wconf 92' lang='lat' dir='ltr'>diuino</span> <span class='ocrx_word' id='word_1_55' title='bbox 774 1523 874 1614; x_wconf 80' lang='lat' dir='ltr'>insit,</span> <span class='ocrx_word' id='word_1_56' title='bbox 898 1529 1124 1626; x_wconf 84' lang='lat' dir='ltr'>argumentis</span> <span class='ocrx_word' id='word_1_57' title='bbox 1148 1526 1201 1603; x_wconf 89' lang='lat' dir='ltr'>so·</span> 
     </span>
     <span class='ocr_line' id='line_1_9' title="bbox 177 1647 1198 1752; baseline 0 -27"><span class='ocrx_word' id='word_1_58' title='bbox 177 1649 261 1727; x_wconf 92' lang='lat' dir='ltr'>lidis</span> <span class='ocrx_word' id='word_1_59' title='bbox 289 1647 524 1725; x_wconf 82' lang='lat' dir='ltr'>demonstrat.</span> <span class='ocrx_word' id='word_1_60' title='bbox 591 1649 647 1723; x_wconf 92' lang='lat' dir='ltr'>Vt</span> <span class='ocrx_word' id='word_1_61' title='bbox 670 1649 796 1749; x_wconf 88' lang='lat' dir='ltr'>paucis</span> <span class='ocrx_word' id='word_1_62' title='bbox 835 1673 913 1725; x_wconf 88' lang='lat' dir='ltr'>rem</span> <span class='ocrx_word' id='word_1_63' title='bbox 953 1648 1198 1752; x_wconf 75' lang='lat' dir='ltr'>complediar3</span> 
     </span>
    </p>
   </div>
   <div class='ocr_carea' id='block_1_6' title="bbox 180 1772 1336 1875">
    <p class='ocr_par' dir='ltr' id='par_1_6' title="bbox 180 1772 1336 1875">
     <span class='ocr_line' id='line_1_10' title="bbox 180 1772 1336 1875; baseline 0.001 -27"><span class='ocrx_word' id='word_1_64' title='bbox 180 1773 373 1848; x_wconf 78' lang='lat' dir='ltr'>arbitrium</span> <span class='ocrx_word' id='word_1_65' title='bbox 419 1773 586 1848; x_wconf 90' lang='lat' dir='ltr'>diuinum</span> <span class='ocrx_word' id='word_1_66' title='bbox 612 1773 650 1847; x_wconf 91' lang='lat' dir='ltr'>in</span> <span class='ocrx_word' id='word_1_67' title='bbox 688 1772 939 1851; x_wconf 84' lang='lat' dir='ltr'>constituenda</span> <span class='ocrx_word' id='word_1_68' title='bbox 970 1773 1146 1875; x_wconf 84' lang='lat' dir='ltr'>religione</span> <span class='ocrx_word' id='word_1_69' title='bbox 1177 1773 1202 1848; x_wconf 85' lang='lat' dir='ltr'>st</span> <span class='ocrx_word' id='word_1_70' title='bbox 1321 1816 1336 1841; x_wconf 60' lang='grc' dir='ltr'><em>κ</em></span> 
     </span>
    </p>
   </div>
   <div class='ocr_carea' id='block_1_7' title="bbox 180 1896 1289 3236">
    <p class='ocr_par' dir='ltr' id='par_1_7' title="bbox 180 1896 1289 2491">
     <span class='ocr_line' id='line_1_11' title="bbox 180 1896 1199 1998; baseline 0.004 -29"><span class='ocrx_word' id='word_1_71' title='bbox 180 1897 301 1997; x_wconf 91' lang='lat' dir='ltr'>primo</span> <span class='ocrx_word' id='word_1_72' title='bbox 327 1896 412 1973; x_wconf 92' lang='lat' dir='ltr'>loco</span> <span class='ocrx_word' id='word_1_73' title='bbox 437 1897 607 1997; x_wconf 89' lang='lat' dir='ltr'>ponitur,</span> <span class='ocrx_word' id='word_1_74' title='bbox 629 1919 739 1973; x_wconf 82' lang='lat' dir='ltr'>verae</span> <span class='ocrx_word' id='word_1_75' title='bbox 765 1898 803 1971; x_wconf 79' lang='lat' dir='ltr'>dt</span> <span class='ocrx_word' id='word_1_76' title='bbox 820 1898 1070 1998; x_wconf 86' lang='lat' dir='ltr'>scripturariae</span> <span class='ocrx_word' id='word_1_77' title='bbox 1094 1897 1199 1973; x_wconf 86' lang='lat' dir='ltr'>ideae</span> 
     </span>
     <span class='ocr_line' id='line_1_12' title="bbox 182 2000 1200 2121; baseline 0.005 -29"><span class='ocrx_word' id='word_1_78' title='bbox 182 2022 230 2095; x_wconf 87' lang='lat' dir='ltr'>de</span> <span class='ocrx_word' id='word_1_79' title='bbox 254 2018 429 2121; x_wconf 87' lang='lat' dir='ltr'>religione</span> <span class='ocrx_word' id='word_1_80' title='bbox 453 2019 640 2110; x_wconf 83' lang='lat' dir='ltr'>vniuersa,</span> <span class='ocrx_word' id='word_1_81' title='bbox 668 2020 715 2095; x_wconf 90' lang='lat' dir='ltr'>de</span> <span class='ocrx_word' id='word_1_82' title='bbox 737 2000 842 2111; x_wconf 88' lang='lat' dir='ltr'>Deo,</span> <span class='ocrx_word' id='word_1_83' title='bbox 874 2022 920 2095; x_wconf 87' lang='lat' dir='ltr'>de</span> <span class='ocrx_word' id='word_1_84' title='bbox 945 2022 1115 2109; x_wconf 87' lang='lat' dir='ltr'>homine,</span> <span class='ocrx_word' id='word_1_85' title='bbox 1154 2022 1200 2097; x_wconf 86' lang='lat' dir='ltr'>de</span> 
     </span>
     <span class='ocr_line' id='line_1_13' title="bbox 182 2139 1201 2245; baseline -0.001 -25"><span class='ocrx_word' id='word_1_86' title='bbox 182 2143 387 2231; x_wconf 85' lang='lat' dir='ltr'>sacrificiis,</span> <span class='ocrx_word' id='word_1_87' title='bbox 412 2146 458 2218; x_wconf 88' lang='lat' dir='ltr'>de</span> <span class='ocrx_word' id='word_1_88' title='bbox 489 2144 634 2233; x_wconf 88' lang='lat' dir='ltr'>ritibus,</span> <span class='ocrx_word' id='word_1_89' title='bbox 661 2144 707 2217; x_wconf 91' lang='lat' dir='ltr'>de</span> <span class='ocrx_word' id='word_1_90' title='bbox 733 2139 1049 2243; x_wconf 74' lang='lat' dir='ltr'>promistionibus,</span> <span class='ocrx_word' id='word_1_91' title='bbox 1077 2145 1125 2221; x_wconf 87' lang='lat' dir='ltr'>de</span> <span class='ocrx_word' id='word_1_92' title='bbox 1148 2144 1201 2245; x_wconf 78' lang='lat' dir='ltr'>sa·</span> 
     </span>
     <span class='ocr_line' id='line_1_14' title="bbox 183 2250 1289 2367; baseline 0.004 -26"><span class='ocrx_word' id='word_1_93' title='bbox 183 2268 399 2358; x_wconf 78' lang='lat' dir='ltr'>oramentis,</span> <span class='ocrx_word' id='word_1_94' title='bbox 426 2290 470 2341; x_wconf 88' lang='lat' dir='ltr'>ac</span> <span class='ocrx_word' id='word_1_95' title='bbox 494 2267 659 2367; x_wconf 89' lang='lat' dir='ltr'>inprimis</span> <span class='ocrx_word' id='word_1_96' title='bbox 686 2267 731 2342; x_wconf 89' lang='lat' dir='ltr'>de</span> <span class='ocrx_word' id='word_1_97' title='bbox 768 2266 840 2344; x_wconf 91' lang='lat' dir='ltr'>fide</span> <span class='ocrx_word' id='word_1_98' title='bbox 865 2292 960 2366; x_wconf 89' lang='lat' dir='ltr'>quae</span> <span class='ocrx_word' id='word_1_99' title='bbox 983 2250 1202 2347; x_wconf 81' lang='lat' dir='ltr'>sacraChri-</span> <span class='ocrx_word' id='word_1_100' title='bbox 1286 2268 1289 2275; x_wconf 75' lang='grc'><strong>“</strong></span> 
     </span>
     <span class='ocr_line' id='line_1_15' title="bbox 183 2382 1245 2491; baseline 0.005 -27"><span class='ocrx_word' id='word_1_101' title='bbox 183 2390 382 2469; x_wconf 86' lang='lat' dir='ltr'>stianorum</span> <span class='ocrx_word' id='word_1_102' title='bbox 397 2392 557 2469; x_wconf 84' lang='lat' dir='ltr'>anchora</span> <span class='ocrx_word' id='word_1_103' title='bbox 573 2390 624 2467; x_wconf 86' lang='lat' dir='ltr'>est</span> <span class='ocrx_word' id='word_1_104' title='bbox 633 2439 647 2481; x_wconf 88' lang='lat'><strong><em>,</em></strong></span> <span class='ocrx_word' id='word_1_105' title='bbox 663 2389 940 2481; x_wconf 88' lang='lat' dir='ltr'>resuscitantur,</span> <span class='ocrx_word' id='word_1_106' title='bbox 966 2389 1201 2491; x_wconf 88' lang='lat' dir='ltr'>Philosophe·</span> <span class='ocrx_word' id='word_1_107' title='bbox 1242 2382 1245 2387; x_wconf 42' lang='lat'>⁵</span> 
     </span>
    </p>

    <p class='ocr_par' dir='ltr' id='par_1_8' title="bbox 182 2510 1271 3236">
     <span class='ocr_line' id='line_1_16' title="bbox 182 2510 1203 2617; baseline 0.001 -30"><span class='ocrx_word' id='word_1_108' title='bbox 182 2536 325 2589; x_wconf 86' lang='lat' dir='ltr'>matum</span> <span class='ocrx_word' id='word_1_109' title='bbox 351 2540 440 2591; x_wconf 87' lang='lat' dir='ltr'>vero</span> <span class='ocrx_word' id='word_1_110' title='bbox 475 2517 521 2591; x_wconf 89' lang='lat' dir='ltr'>de</span> <span class='ocrx_word' id='word_1_111' title='bbox 546 2510 754 2595; x_wconf 86' lang='lat' dir='ltr'>neceffitate</span> <span class='ocrx_word' id='word_1_112' title='bbox 776 2515 1011 2594; x_wconf 90' lang='lat' dir='ltr'>reuelationis</span> <span class='ocrx_word' id='word_1_113' title='bbox 1038 2542 1058 2590; x_wconf 87' lang='lat' dir='ltr'>a</span> <span class='ocrx_word' id='word_1_114' title='bbox 1090 2516 1203 2617; x_wconf 88' lang='lat' dir='ltr'>priori</span> 
     </span>
     <span class='ocr_line' id='line_1_17' title="bbox 184 2636 1271 2742; baseline 0.004 -32"><span class='ocrx_word' id='word_1_115' title='bbox 184 2637 426 2714; x_wconf 71' lang='lat' dir='ltr'>deductorum</span> <span class='ocrx_word' id='word_1_116' title='bbox 451 2638 632 2742; x_wconf 86' lang='lat' dir='ltr'>farragine</span> <span class='ocrx_word' id='word_1_117' title='bbox 662 2639 807 2740; x_wconf 92' lang='lat' dir='ltr'>prorsus</span> <span class='ocrx_word' id='word_1_118' title='bbox 825 2640 1029 2739; x_wconf 74' lang='lat' dir='ltr'>&#39;sopiuntur</span> <span class='ocrx_word' id='word_1_119' title='bbox 1037 2664 1050 2730; x_wconf 83' lang='lat'>3</span> <span class='ocrx_word' id='word_1_120' title='bbox 1091 2636 1205 2715; x_wconf 87' lang='lat' dir='ltr'>Dein·</span> <span class='ocrx_word' id='word_1_121' title='bbox 1268 2648 1271 2657; x_wconf 90' lang='lat'>&#39;</span> 
     </span>
     <span class='ocr_line' id='line_1_18' title="bbox 185 2762 1208 2864; baseline 0.002 -29"><span class='ocrx_word' id='word_1_122' title='bbox 185 2784 271 2861; x_wconf 89' lang='lat' dir='ltr'>ceps</span> <span class='ocrx_word' id='word_1_123' title='bbox 296 2763 493 2837; x_wconf 89' lang='lat' dir='ltr'>methodus</span> <span class='ocrx_word' id='word_1_124' title='bbox 518 2762 744 2864; x_wconf 88' lang='lat' dir='ltr'>Theologiae</span> <span class='ocrx_word' id='word_1_125' title='bbox 779 2763 944 2853; x_wconf 88' lang='lat' dir='ltr'>sobriae,</span> <span class='ocrx_word' id='word_1_126' title='bbox 992 2787 1103 2864; x_wconf 87' lang='lat' dir='ltr'>quam</span> <span class='ocrx_word' id='word_1_127' title='bbox 1129 2764 1208 2839; x_wconf 59' lang='lat' dir='ltr'>Lus</span> 
     </span>
     <span class='ocr_line' id='line_1_19' title="bbox 185 2886 1204 2988; baseline 0.005 -29"><span class='ocrx_word' id='word_1_128' title='bbox 185 2887 311 2960; x_wconf 90' lang='lat' dir='ltr'>therus</span> <span class='ocrx_word' id='word_1_129' title='bbox 338 2886 485 2977; x_wconf 89' lang='lat' dir='ltr'>docuit,</span> <span class='ocrx_word' id='word_1_130' title='bbox 509 2887 548 2961; x_wconf 88' lang='lat'>&amp;</span> <span class='ocrx_word' id='word_1_131' title='bbox 575 2888 804 2986; x_wconf 87' lang='lat' dir='ltr'>primitiuae,</span> <span class='ocrx_word' id='word_1_132' title='bbox 831 2910 943 2988; x_wconf 90' lang='lat' dir='ltr'>quam</span> <span class='ocrx_word' id='word_1_133' title='bbox 963 2886 1009 2962; x_wconf 84' lang='lat' dir='ltr'>ab</span> <span class='ocrx_word' id='word_1_134' title='bbox 1036 2886 1204 2985; x_wconf 87' lang='lat' dir='ltr'>apostolis</span> 
     </span>
     <span class='ocr_line' id='line_1_20' title="bbox 184 3008 1204 3115; baseline 0.004 -33"><span class='ocrx_word' id='word_1_135' title='bbox 184 3010 417 3108; x_wconf 87' lang='lat' dir='ltr'>accepimus,</span> <span class='ocrx_word' id='word_1_136' title='bbox 432 3008 660 3097; x_wconf 76' lang='lat' dir='ltr'>restituitur,</span> <span class='ocrx_word' id='word_1_137' title='bbox 687 3034 756 3084; x_wconf 91' lang='lat' dir='ltr'>nec</span> <span class='ocrx_word' id='word_1_138' title='bbox 771 3009 1204 3115; x_wconf 25' lang='lat' dir='ltr'>amplius&#39;Philosophiae,</span> 
     </span>
     <span class='ocr_line' id='line_1_21' title="bbox 183 3117 1247 3236; baseline 0 -29"><span class='ocrx_word' id='word_1_139' title='bbox 183 3156 262 3207; x_wconf 90' lang='lat' dir='ltr'>non</span> <span class='ocrx_word' id='word_1_140' title='bbox 286 3157 396 3211; x_wconf 85' lang='lat' dir='ltr'>verae</span> <span class='ocrx_word' id='word_1_141' title='bbox 422 3117 482 3209; x_wconf 77' lang='lat' dir='ltr'>&#39;sed</span> <span class='ocrx_word' id='word_1_142' title='bbox 499 3132 642 3210; x_wconf 84' lang='lat' dir='ltr'>fucatae</span> <span class='ocrx_word' id='word_1_143' title='bbox 658 3132 768 3223; x_wconf 92' lang='lat' dir='ltr'>illius,</span> <span class='ocrx_word' id='word_1_144' title='bbox 785 3132 895 3211; x_wconf 83' lang='lat' dir='ltr'>laruis</span> <span class='ocrx_word' id='word_1_145' title='bbox 910 3130 1069 3211; x_wconf 69' lang='lat' dir='ltr'>obdunt</span> <span class='ocrx_word' id='word_1_146' title='bbox 1094 3158 1206 3236; x_wconf 88' lang='lat' dir='ltr'>appa·</span> <span class='ocrx_word' id='word_1_147' title='bbox 1243 3198 1247 3207; x_wconf 93' lang='lat'><em>.</em></span> 
     </span>
    </p>
   </div>
   <div class='ocr_carea' id='block_1_8' title="bbox 184 3255 1325 3359">
    <p class='ocr_par' dir='ltr' id='par_1_9' title="bbox 184 3255 1325 3359">
     <span class='ocr_line' id='line_1_22' title="bbox 184 3255 1325 3359; baseline 0.006 -30"><span class='ocrx_word' id='word_1_148' title='bbox 184 3275 256 3331; x_wconf 85' lang='lat' dir='ltr'>ret.-</span> <span class='ocrx_word' id='word_1_149' title='bbox 306 3257 476 3349; x_wconf 83' lang='lat' dir='ltr'>Accedit,</span> <span class='ocrx_word' id='word_1_150' title='bbox 516 3258 618 3359; x_wconf 90' lang='lat' dir='ltr'>quod</span> <span class='ocrx_word' id='word_1_151' title='bbox 659 3257 871 3335; x_wconf 86' lang='lat' dir='ltr'>aduersariis</span> <span class='ocrx_word' id='word_1_152' title='bbox 905 3258 978 3337; x_wconf 80' lang='lat' dir='ltr'>flue</span> <span class='ocrx_word' id='word_1_153' title='bbox 1017 3255 1207 3335; x_wconf 84' lang='lat' dir='ltr'>socinianis</span> <span class='ocrx_word' id='word_1_154' title='bbox 1322 3304 1325 3313; x_wconf 74' lang='lat'><em>=</em></span> 
     </span>
    </p>
   </div>
   <div class='ocr_carea' id='block_1_9' title="bbox 141 3378 1282 4331">
    <p class='ocr_par' dir='ltr' id='par_1_10' title="bbox 141 3378 1282 4231">
     <span class='ocr_line' id='line_1_23' title="bbox 186 3378 1282 3484; baseline 0.003 -30"><span class='ocrx_word' id='word_1_155' title='bbox 186 3380 259 3458; x_wconf 80' lang='lat' dir='ltr'>siue</span> <span class='ocrx_word' id='word_1_156' title='bbox 281 3379 359 3458; x_wconf 89' lang='lat' dir='ltr'>aliis</span> <span class='ocrx_word' id='word_1_157' title='bbox 383 3380 517 3465; x_wconf 69' lang='lat' dir='ltr'>rectius</span> <span class='ocrx_word' id='word_1_158' title='bbox 544 3381 747 3484; x_wconf 84' lang='lat' dir='ltr'>responderi</span> <span class='ocrx_word' id='word_1_159' title='bbox 769 3378 895 3483; x_wconf 75' lang='lat' dir='ltr'>potiit,</span> <span class='ocrx_word' id='word_1_160' title='bbox 929 3382 995 3459; x_wconf 85' lang='lat' dir='ltr'>¹rbi</span> <span class='ocrx_word' id='word_1_161' title='bbox 1017 3382 1090 3458; x_wconf 87' lang='lat' dir='ltr'>tale</span> <span class='ocrx_word' id='word_1_162' title='bbox 1112 3380 1206 3459; x_wconf 84' lang='lat' dir='ltr'>ttrbi·¹</span> <span class='ocrx_word' id='word_1_163' title='bbox 1277 3384 1282 3399; x_wconf 79' lang='lat'><strong>¹</strong></span> 
     </span>
     <span class='ocr_line' id='line_1_24' title="bbox 185 3505 1205 3608; baseline 0.001 -28"><span class='ocrx_word' id='word_1_164' title='bbox 185 3506 300 3581; x_wconf 92' lang='lat' dir='ltr'>trium</span> <span class='ocrx_word' id='word_1_165' title='bbox 340 3509 410 3582; x_wconf 91' lang='lat' dir='ltr'>Dei</span> <span class='ocrx_word' id='word_1_166' title='bbox 447 3510 486 3583; x_wconf 92' lang='lat' dir='ltr'>in</span> <span class='ocrx_word' id='word_1_167' title='bbox 526 3508 701 3608; x_wconf 87' lang='lat' dir='ltr'>reiigione</span> <span class='ocrx_word' id='word_1_168' title='bbox 731 3506 985 3584; x_wconf 88' lang='lat' dir='ltr'>constituenda</span> <span class='ocrx_word' id='word_1_169' title='bbox 1016 3505 1205 3585; x_wconf 86' lang='lat' dir='ltr'>stabilitur.</span> 
     </span>
     <span class='ocr_line' id='line_1_25' title="bbox 186 3630 1208 3709; baseline 0.006 -6"><span class='ocrx_word' id='word_1_170' title='bbox 186 3630 350 3705; x_wconf 91' lang='lat' dir='ltr'>Vnicum</span> <span class='ocrx_word' id='word_1_171' title='bbox 377 3634 449 3706; x_wconf 94' lang='lat' dir='ltr'>hoc</span> <span class='ocrx_word' id='word_1_172' title='bbox 464 3632 548 3706; x_wconf 87' lang='lat' dir='ltr'>fidei</span> <span class='ocrx_word' id='word_1_173' title='bbox 563 3631 844 3708; x_wconf 84' lang='lat' dir='ltr'>fundamentum</span> <span class='ocrx_word' id='word_1_174' title='bbox 860 3633 917 3709; x_wconf 80' lang='lat' dir='ltr'>vti</span> <span class='ocrx_word' id='word_1_175' title='bbox 931 3630 1208 3709; x_wconf 87' lang='lat' dir='ltr'>veteresTheo·</span> 
     </span>
     <span class='ocr_line' id='line_1_26' title="bbox 141 3748 1209 3855; baseline 0.004 -25"><span class='ocrx_word' id='word_1_176' title='bbox 141 3808 146 3839; x_wconf 87' lang='lat'>.</span> <span class='ocrx_word' id='word_1_177' title='bbox 186 3754 264 3855; x_wconf 92' lang='lat' dir='ltr'>logi</span> <span class='ocrx_word' id='word_1_178' title='bbox 290 3756 335 3828; x_wconf 85' lang='lat' dir='ltr'>ab</span> <span class='ocrx_word' id='word_1_179' title='bbox 359 3748 565 3831; x_wconf 81' lang='lat' dir='ltr'>eruditione</span> <span class='ocrx_word' id='word_1_180' title='bbox 598 3780 671 3830; x_wconf 90' lang='lat' dir='ltr'>non</span> <span class='ocrx_word' id='word_1_181' title='bbox 697 3756 818 3829; x_wconf 91' lang='lat' dir='ltr'>minus</span> <span class='ocrx_word' id='word_1_182' title='bbox 844 3779 953 3855; x_wconf 87' lang='lat' dir='ltr'>quam</span> <span class='ocrx_word' id='word_1_183' title='bbox 981 3782 1002 3830; x_wconf 81' lang='lat' dir='ltr'><strong>a</strong></span> <span class='ocrx_word' id='word_1_184' title='bbox 1034 3776 1124 3833; x_wconf 87' lang='lat' dir='ltr'>vera</span> <span class='ocrx_word' id='word_1_185' title='bbox 1144 3756 1209 3834; x_wconf 83' lang='lat' dir='ltr'>ad-</span> 
     </span>
     <span class='ocr_line' id='line_1_27' title="bbox 186 3875 1207 3981; baseline 0.002 -26"><span class='ocrx_word' id='word_1_186' title='bbox 186 3877 444 3955; x_wconf 84' lang='lat' dir='ltr'>versusDeum</span> <span class='ocrx_word' id='word_1_187' title='bbox 471 3878 645 3978; x_wconf 85' lang='lat' dir='ltr'>religione</span> <span class='ocrx_word' id='word_1_188' title='bbox 659 3875 910 3955; x_wconf 75' lang='lat' dir='ltr'>inibudiissimi</span> <span class='ocrx_word' id='word_1_189' title='bbox 935 3880 1050 3981; x_wconf 87' lang='lat' dir='ltr'>probe</span> <span class='ocrx_word' id='word_1_190' title='bbox 1064 3878 1207 3980; x_wconf 83' lang='lat' dir='ltr'>perspe·</span> 
     </span>
     <span class='ocr_line' id='line_1_28' title="bbox 165 3984 1209 4103; baseline 0.003 -24"><span class='ocrx_word' id='word_1_191' title='bbox 165 3984 345 4090; x_wconf 75' lang='lat' dir='ltr'>¹rerunt,</span> <span class='ocrx_word' id='word_1_192' title='bbox 381 4025 424 4075; x_wconf 88' lang='lat' dir='ltr'>ac</span> <span class='ocrx_word' id='word_1_193' title='bbox 456 4004 679 4077; x_wconf 88' lang='lat' dir='ltr'>torrentibus</span> <span class='ocrx_word' id='word_1_194' title='bbox 712 4004 926 4103; x_wconf 91' lang='lat' dir='ltr'>opinionum</span> <span class='ocrx_word' id='word_1_195' title='bbox 956 4005 1209 4089; x_wconf 86' lang='lat' dir='ltr'>¹recentiorum</span> 
     </span>
     <span class='ocr_line' id='line_1_29' title="bbox 187 4125 1210 4231; baseline 0.002 -30"><span class='ocrx_word' id='word_1_196' title='bbox 187 4125 460 4231; x_wconf 88' lang='lat' dir='ltr'>opposuerunt,</span> <span class='ocrx_word' id='word_1_197' title='bbox 486 4127 537 4204; x_wconf 84' lang='lat' dir='ltr'>ita</span> <span class='ocrx_word' id='word_1_198' title='bbox 560 4126 600 4205; x_wconf 77' lang='lat' dir='ltr'>dr</span> <span class='ocrx_word' id='word_1_199' title='bbox 624 4150 671 4203; x_wconf 84' lang='lat' dir='ltr'>ex</span> <span class='ocrx_word' id='word_1_200' title='bbox 684 4126 948 4207; x_wconf 88' lang='lat' dir='ltr'>recentioribus</span> <span class='ocrx_word' id='word_1_201' title='bbox 964 4151 1039 4203; x_wconf 94' lang='lat' dir='ltr'>non</span> <span class='ocrx_word' id='word_1_202' title='bbox 1063 4147 1210 4204; x_wconf 87' lang='lat' dir='ltr'>tantum</span> 
     </span>
    </p>

    <p class='ocr_par' dir='ltr' id='par_1_11' title="bbox 1048 4250 1209 4331">
     <span class='ocr_line' id='line_1_30' title="bbox 1048 4250 1209 4331; baseline 0.019 -6"><span class='ocrx_word' id='word_1_203' title='bbox 1048 4250 1209 4331; x_wconf 86' lang='lat' dir='ltr'>Theolo-</span> 
     </span>
    </p>
   </div>
   <div class='ocr_carea' id='block_1_10' title="bbox 0 0 1552 5142">
    <p class='ocr_par' dir='ltr' id='par_1_12' title="bbox 0 0 1552 5142">
     <span class='ocr_line' id='line_1_31' title="bbox 0 0 1552 5142; baseline 0 0"><span class='ocrx_word' id='word_1_204' title='bbox 0 0 1552 5142; x_wconf 95' lang='lat' dir='ltr'> </span> 
     </span>
    </p>
   </div>
  </div>
 </body>
</html>
