3059 5142
1266 362 1272 393 ¹
1337 344 1353 407 ἴ

343 553 404 665 96
465 545 640 635 Gmeiini
655 545 792 635 Oratio
804 544 1028 634 deAmimoe
1048 536 1245 641 hmnomad

346 720 413 819 dos
445 746 608 819 diuidere
639 739 746 843 poflit
781 745 819 819 ἃ
854 730 1058 821 resoluere.‘
1099 750 1171 821 Res
1207 744 1361 844 infinitis

346 867 444 943 clara
467 868 517 942 est
536 859 738 964 exemplis,
766 868 1032 959 demonstratur
1059 889 1182 944 autem
1215 869 1361 946 exiliis
1390 934 1394 943 .

345 993 570 1088 praecipue,
587 1013 679 1088 quae
700 1010 846 1063 tantum
872 1015 944 1076 non
964 986 1256 1067 difficillimorum
1274 1014 1370 1094 prou

302 1202 306 1211 Ι
345 1112 546 1188 blematum
572 1114 751 1187 rationem
776 1113 931 1206 habent3
962 1117 1105 1212 iuuabit
1128 1119 1263 1191 horum
1294 1114 1364 1191 ali·

199 1262 208 1297 ,’
263 1318 266 1333 .
346 1238 446 1338 quod
478 1260 524 1311 ex
549 1235 696 1309 infinitis
729 1244 881 1312 numero
924 1239 1068 1340 seligere
1081 1249 1166 1340 ‘pro
1192 1241 1387 1315 themate=

240 1406 244 1413 ·
292 1441 295 1451 ,
346 1361 541 1447 sermonis,
566 1358 629 1432 ¹sed
652 1359 795 1456 juuabit
819 1362 952 1449 etiam,
978 1382 1022 1437 vt
1039 1384 1113 1437 vna
1138 1360 1257 1436 fidelia
1284 1363 1364 1438 duo

347 1484 561 1559 dealbentur
584 1481 778 1580 parietes„
795 1485 833 1557 in
858 1485 1012 1584 gratiam
1039 1486 1283 1586 aegrorum&
1300 1509 1365 1561 ae·

298 1688 301 1693 ,
348 1632 494 1712 gratum
508 1652 521 1694 ‚
565 1603 759 1704 praesentis
793 1609 902 1696 aeui,
949 1609 1046 1707 apud
1078 1632 1170 1708 quos
1203 1603 1363 1682 inualuit

347 1755 447 1817 mos,
486 1747 548 1819 vt,
584 1728 892 1826 quemadmodum
919 1730 1043 1830 spiritu
1077 1729 1269 1832 singulares
1299 1730 1367 1825 fibi

321 1918 324 1925 .
346 1854 508 1929 formant
531 1849 743 1949 aetiologias
758 1852 1036 1953 pathologicas,
1062 1856 1107 1931 ad
1131 1877 1221 1951 quas
1231 1876 1362 1928 omnes
1397 1890 1400 1895 ·

348 1974 424 2053 fere
447 1976 629 2049 reducunt
654 1976 823 2065 morbos,
848 1970 900 2050 ita
925 1996 1022 2050 nunc
1048 1973 1256 2076 praesertim
1281 1976 1362 2053 vbi-

289 2088 293 2095 ’
349 2125 421 2201 que
453 2123 585 2174 neruos
626 2097 836 2188 accusent,
867 2122 1069 2200 eorumque
1100 2093 1354 2189 debilitatem,
1403 2188 1404 2199 χ

348 2222 413 2301 vel
434 2224 692 2321 'quodeunque
717 2222 872 2309 vitium,
900 2221 973 2297 tale
1001 2204 1182 2296 discutere
1208 2224 1366 2299 Medici·¹
1401 2278 1405 2315 ,

327 2364 418 2422 ‘nae
445 2344 655 2433 obiedum,
674 2347 773 2446 quod
791 2346 903 2421 etiam
918 2347 1013 2420 hanc
1028 2346 1227 2420 eorundem
1256 2348 1361 2451 theo·
1397 2398 1405 2450 ξ

175 2528 179 2535 -
293 2489 295 2494 ’
348 2472 441 2546 riam
461 2469 604 2545 clariori
627 2490 788 2568 exponat
812 2469 905 2557 luci,
947 2470 985 2543 ὅ(
1008 2469 1123 2567 magis
1164 2471 1202 2543 in
1223 2458 1405 2575 aprico}

205 2570 217 2591 Ι
319 2652 322 2657 ,
349 2612 490 2696 ponat,
517 2594 555 2666 δι
583 2592 821 2680 determinet,
848 2592 1033 2690 quomodo
1058 2592 1167 2666 toties
1183 2597 1286 2668 nerui
1301 2621 1360 2697 pa·
1396 2648 1405 2699 :

189 2802 194 2818 ,
289 2778 291 2783 ,
350 2713 501 2790 tiantur
529 2714 639 2787 etiam
676 2714 719 2788 ab
759 2713 866 2789 ideali
904 2713 1026 2802 causa,
1067 2735 1141 2788 non
1173 2739 1404 2822 corporea

349 2838 525 2911 Indicabo
554 2833 652 2908 illam
675 2838 853 2936 primam,
881 2861 992 2936 quam
1019 2839 1258 2937 experiuntur
1281 2867 1397 2947 ner-r

351 2962 418 3048 vi,
445 2959 707 3047 mutationem,
735 2962 774 3034 δε
799 2959 1043 3035 describam
1011 2981 1088 3035 erus
1115 2953 1265 3037 effectus
1287 2987 1402 3045 me·

352 3084 472 3158 diatos
498 3083 535 3156 &
561 3083 812 3172 immediatos,
839 3084 1003 3157 invariis
1018 3088 1180 3181 corporis
1196 3087 1404 3183 partibus

351 3208 512 3281 maxime
537 3224 661 3279 autem
686 3204 759 3279 vas
748 3229 777 3278 s
804 3207 843 3281 ὅ(
866 3207 1000 3280 neruis.
1051 3208 1146 3297 Erit,
1172 3226 1217 3285 vt
1237 3211 1405 3320 paucis

350 3331 470 3408 multa
492 3330 632 3419 dicam,
665 3306 835 3404 sermonis
862 3348 1137 3430 argumentum:

448 3482 639 3610 Imperium
671 3506 825 3585 Animae
853 3507 1083 3586 Humanae
1066 3532 1106 3586 m
1129 3504 1270 3590 Neruas
1296 3492 1405 3590 nm*-

597 3626 865 3708 voluntarium!

268 3845 276 3861 ·
347 3854 348 3859 =
451 3811 604 3886 Vtinam
630 3837 721 3888 vero
737 3815 913 3890 materiae
928 3814 1096 3917 dignitati
1111 3816 1281 3900 facundia
1302 3762 1405 3939 pa}

267 3973 269 3980 ·
352 3956 432 4009 rem
459 3935 643 4010 haberetis
670 3940 800 4012 meA.
829 3937 880 4013 Ο.
908 3938 958 4013 Ο.
987 3942 1025 4014 dc
1050 3945 1096 4014 D.
1113 3940 1222 4041 longe
1244 3918 1405 4055 Aestii-{⁶

353 4054 537 4134 matifflmi
563 4058 775 4141 Oratorem.
829 4064 900 4140 Sed
924 4061 1067 4141 fateor'
1056 4088 1258 4164 ingenuus,
1279 4013 1405 4205 eant?

1209 4216 1218 4285 ι
1293 4206 1385 4263 non
