<?xml version="1.0" encoding="UTF-8"?>
<!DOCTYPE html PUBLIC "-//W3C//DTD XHTML 1.0 Transitional//EN"
    "http://www.w3.org/TR/xhtml1/DTD/xhtml1-transitional.dtd">
<html xmlns="http://www.w3.org/1999/xhtml" xml:lang="en" lang="en">
 <head>
  <title>
</title>
<meta http-equiv="Content-Type" content="text/html;charset=utf-8" />
  <meta name='ocr-system' content='tesseract 3.04.00' />
  <meta name='ocr-capabilities' content='ocr_page ocr_carea ocr_par ocr_line ocrx_word'/>
</head>
<body>
  <div class='ocr_page' id='page_1' title='image "./henrguilclemmii00clemgoog_0103.png"; bbox 0 0 3059 5142; ppageno 0'>
   <div class='ocr_carea' id='block_1_1' title="bbox 193 576 1212 699">
    <p class='ocr_par' dir='ltr' id='par_1_1' title="bbox 193 576 1212 699">
     <span class='ocr_line' id='line_1_1' title="bbox 193 576 1212 699; baseline -0.014 -26"><span class='ocrx_word' id='word_1_1' title='bbox 193 593 196 597; x_wconf 83' lang='grc'><strong>’</strong></span> <span class='ocrx_word' id='word_1_2' title='bbox 298 580 474 696; x_wconf 67' lang='lat' dir='ltr'>imperio</span> <span class='ocrx_word' id='word_1_3' title='bbox 490 581 534 665; x_wconf 79' lang='lat' dir='ltr'>in</span> <span class='ocrx_word' id='word_1_4' title='bbox 551 605 790 665; x_wconf 76' lang='lat' dir='ltr'>neruorum</span> <span class='ocrx_word' id='word_1_5' title='bbox 803 576 1040 667; x_wconf 79' lang='lat' dir='ltr'>voluntario.</span> <span class='ocrx_word' id='word_1_6' title='bbox 1134 609 1212 699; x_wconf 30' lang='lat'>93*</span> 
     </span>
    </p>
   </div>
   <div class='ocr_carea' id='block_1_2' title="bbox 169 772 1378 2085">
    <p class='ocr_par' dir='ltr' id='par_1_2' title="bbox 169 772 1315 881">
     <span class='ocr_line' id='line_1_2' title="bbox 169 772 1315 881; baseline -0.001 -30"><span class='ocrx_word' id='word_1_7' title='bbox 169 772 455 879; x_wconf 78' lang='lat' dir='ltr'>centibrumque</span> <span class='ocrx_word' id='word_1_8' title='bbox 477 772 682 855; x_wconf 86' lang='lat' dir='ltr'>multorum</span> <span class='ocrx_word' id='word_1_9' title='bbox 698 772 798 881; x_wconf 70' lang='lat' dir='ltr'>dubii</span> <span class='ocrx_word' id='word_1_10' title='bbox 813 772 1045 864; x_wconf 88' lang='lat' dir='ltr'>testimoniis,</span> <span class='ocrx_word' id='word_1_11' title='bbox 1077 775 1115 849; x_wconf 90' lang='lat' dir='ltr'>in</span> <span class='ocrx_word' id='word_1_12' title='bbox 1130 801 1195 850; x_wconf 86' lang='lat' dir='ltr'>an·</span> <span class='ocrx_word' id='word_1_13' title='bbox 1265 816 1267 821; x_wconf 96' lang='lat'>·</span> <span class='ocrx_word' id='word_1_14' title='bbox 1312 862 1315 869; x_wconf 27' lang='lat'>¹</span> 
     </span>
    </p>

    <p class='ocr_par' dir='ltr' id='par_1_3' title="bbox 171 878 1294 1002">
     <span class='ocr_line' id='line_1_3' title="bbox 171 878 1294 1002; baseline 0.001 -30"><span class='ocrx_word' id='word_1_15' title='bbox 171 899 265 1002; x_wconf 86' lang='lat' dir='ltr'>gulo</span> <span class='ocrx_word' id='word_1_16' title='bbox 295 899 388 975; x_wconf 87' lang='lat' dir='ltr'>stans</span> <span class='ocrx_word' id='word_1_17' title='bbox 410 903 619 1000; x_wconf 77' lang='lat' dir='ltr'>viperarum</span> <span class='ocrx_word' id='word_1_18' title='bbox 641 878 834 998; x_wconf 72' lang='lat' dir='ltr'>captator,</span> <span class='ocrx_word' id='word_1_19' title='bbox 860 897 984 971; x_wconf 77' lang='lat' dir='ltr'>Marfis</span> <span class='ocrx_word' id='word_1_20' title='bbox 1001 900 1172 974; x_wconf 84' lang='lat' dir='ltr'>audacior</span> <span class='ocrx_word' id='word_1_21' title='bbox 1178 949 1193 990; x_wconf 93' lang='lat'>,</span> <span class='ocrx_word' id='word_1_22' title='bbox 1292 974 1294 981; x_wconf 81' lang='grc'>,</span> 
     </span>
    </p>

    <p class='ocr_par' dir='ltr' id='par_1_4' title="bbox 169 1019 1311 1123">
     <span class='ocr_line' id='line_1_4' title="bbox 169 1019 1311 1123; baseline -0.004 -24"><span class='ocrx_word' id='word_1_23' title='bbox 169 1021 396 1122; x_wconf 81' lang='lat' dir='ltr'>Psyllisque,</span> <span class='ocrx_word' id='word_1_24' title='bbox 422 1026 570 1123; x_wconf 88' lang='lat' dir='ltr'>viperae</span> <span class='ocrx_word' id='word_1_25' title='bbox 589 1023 701 1098; x_wconf 88' lang='lat' dir='ltr'>bilem</span> <span class='ocrx_word' id='word_1_26' title='bbox 716 1019 1028 1121; x_wconf 82' lang='lat' dir='ltr'>dimidiofrigidae</span> <span class='ocrx_word' id='word_1_27' title='bbox 1054 1020 1195 1097; x_wconf 86' lang='lat' dir='ltr'>millam</span> <span class='ocrx_word' id='word_1_28' title='bbox 1308 1084 1311 1095; x_wconf 87' lang='lat'><em>.</em></span> 
     </span>
    </p>

    <p class='ocr_par' dir='ltr' id='par_1_5' title="bbox 173 1141 1194 1247">
     <span class='ocr_line' id='line_1_5' title="bbox 173 1141 1194 1247; baseline -0.002 -27"><span class='ocrx_word' id='word_1_29' title='bbox 173 1147 315 1247; x_wconf 89' lang='lat' dir='ltr'>cyatho</span> <span class='ocrx_word' id='word_1_30' title='bbox 344 1148 435 1221; x_wconf 87' lang='lat' dir='ltr'>bibit</span> <span class='ocrx_word' id='word_1_31' title='bbox 461 1147 682 1246; x_wconf 85' lang='lat' dir='ltr'>intrepidus,</span> <span class='ocrx_word' id='word_1_32' title='bbox 716 1145 806 1219; x_wconf 91' lang='lat' dir='ltr'>nihil</span> <span class='ocrx_word' id='word_1_33' title='bbox 831 1145 916 1218; x_wconf 90' lang='lat' dir='ltr'>inde</span> <span class='ocrx_word' id='word_1_34' title='bbox 937 1141 1029 1218; x_wconf 82' lang='lat' dir='ltr'>¹mali</span> <span class='ocrx_word' id='word_1_35' title='bbox 1054 1141 1135 1242; x_wconf 78' lang='lat' dir='ltr'>pall</span> <span class='ocrx_word' id='word_1_36' title='bbox 1146 1168 1194 1236; x_wconf 71' lang='grc' dir='ltr'>,ες</span> 
     </span>
    </p>

    <p class='ocr_par' dir='ltr' id='par_1_6' title="bbox 172 1262 1374 1369">
     <span class='ocr_line' id='line_1_6' title="bbox 172 1262 1374 1369; baseline -0.003 -25"><span class='ocrx_word' id='word_1_37' title='bbox 172 1294 298 1368; x_wconf 85' lang='lat' dir='ltr'>neque</span> <span class='ocrx_word' id='word_1_38' title='bbox 325 1269 471 1344; x_wconf 73' lang='lat' dir='ltr'>diuersas</span> <span class='ocrx_word' id='word_1_39' title='bbox 499 1264 692 1343; x_wconf 75' lang='lat' dir='ltr'>brutor&#39;um</span> <span class='ocrx_word' id='word_1_40' title='bbox 714 1269 903 1369; x_wconf 74' lang='lat' dir='ltr'>speciebus</span> <span class='ocrx_word' id='word_1_41' title='bbox 930 1263 1095 1342; x_wconf 89' lang='lat' dir='ltr'>oblatum</span> <span class='ocrx_word' id='word_1_42' title='bbox 1121 1267 1197 1343; x_wconf 89' lang='lat' dir='ltr'>hoc</span> <span class='ocrx_word' id='word_1_43' title='bbox 1261 1262 1267 1281; x_wconf 88' lang='lat'><em>&#39;</em></span> <span class='ocrx_word' id='word_1_44' title='bbox 1371 1344 1374 1351; x_wconf 86' lang='lat'><em>.</em></span> 
     </span>
    </p>

    <p class='ocr_par' dir='ltr' id='par_1_7' title="bbox 173 1388 1199 1489">
     <span class='ocr_line' id='line_1_7' title="bbox 173 1388 1199 1489; baseline -0.003 -23"><span class='ocrx_word' id='word_1_45' title='bbox 173 1389 224 1466; x_wconf 85' lang='lat' dir='ltr'>fel</span> <span class='ocrx_word' id='word_1_46' title='bbox 251 1389 367 1465; x_wconf 88' lang='lat' dir='ltr'>vllam</span> <span class='ocrx_word' id='word_1_47' title='bbox 394 1391 518 1467; x_wconf 87' lang='lat' dir='ltr'>intulit</span> <span class='ocrx_word' id='word_1_48' title='bbox 543 1417 698 1481; x_wconf 89' lang='lat' dir='ltr'>noxam,</span> <span class='ocrx_word' id='word_1_49' title='bbox 735 1415 854 1489; x_wconf 90' lang='lat' dir='ltr'>neque</span> <span class='ocrx_word' id='word_1_50' title='bbox 879 1390 1088 1466; x_wconf 83' lang='lat' dir='ltr'>instillatum</span> <span class='ocrx_word' id='word_1_51' title='bbox 1113 1388 1199 1465; x_wconf 90' lang='lat' dir='ltr'>vul·</span> 
     </span>
    </p>

    <p class='ocr_par' dir='ltr' id='par_1_8' title="bbox 174 1502 1200 1615">
     <span class='ocr_line' id='line_1_8' title="bbox 174 1502 1200 1615; baseline 0.002 -27"><span class='ocrx_word' id='word_1_52' title='bbox 174 1514 257 1589; x_wconf 87' lang='lat' dir='ltr'>neri</span> <span class='ocrx_word' id='word_1_53' title='bbox 282 1516 421 1589; x_wconf 84' lang='lat' dir='ltr'>recenti</span> <span class='ocrx_word' id='word_1_54' title='bbox 447 1515 582 1615; x_wconf 85' lang='lat' dir='ltr'>aliquid</span> <span class='ocrx_word' id='word_1_55' title='bbox 614 1512 700 1590; x_wconf 83' lang='lat' dir='ltr'>mali</span> <span class='ocrx_word' id='word_1_56' title='bbox 726 1512 870 1605; x_wconf 88' lang='lat' dir='ltr'>effecit,</span> <span class='ocrx_word' id='word_1_57' title='bbox 904 1513 1051 1599; x_wconf 83' lang='lat' dir='ltr'>testibus</span> <span class='ocrx_word' id='word_1_58' title='bbox 1074 1502 1200 1613; x_wconf 68' lang='lat' dir='ltr'>proici.</span> 
     </span>
    </p>

    <p class='ocr_par' dir='ltr' id='par_1_9' title="bbox 176 1634 1198 1739">
     <span class='ocr_line' id='line_1_9' title="bbox 176 1634 1198 1739; baseline -0.002 -28"><span class='ocrx_word' id='word_1_59' title='bbox 176 1634 245 1711; x_wconf 59' lang='lat' dir='ltr'>mel</span> <span class='ocrx_word' id='word_1_60' title='bbox 255 1635 395 1713; x_wconf 85' lang='lat' dir='ltr'>laudati</span> <span class='ocrx_word' id='word_1_61' title='bbox 404 1640 525 1714; x_wconf 85' lang='lat' dir='ltr'>Franc.</span> <span class='ocrx_word' id='word_1_62' title='bbox 537 1640 629 1715; x_wconf 88' lang='lat' dir='ltr'>Redi</span> <span class='ocrx_word' id='word_1_63' title='bbox 655 1635 800 1723; x_wconf 79' lang='lat' dir='ltr'>obleru.¹</span> <span class='ocrx_word' id='word_1_64' title='bbox 812 1638 858 1711; x_wconf 90' lang='lat' dir='ltr'>de</span> <span class='ocrx_word' id='word_1_65' title='bbox 875 1639 1021 1739; x_wconf 64' lang='lat' dir='ltr'>viperio</span> <span class='ocrx_word' id='word_1_66' title='bbox 1074 1636 1198 1735; x_wconf 88' lang='lat' dir='ltr'>lnqui-</span> 
     </span>
    </p>

    <p class='ocr_par' dir='ltr' id='par_1_10' title="bbox 177 1757 1378 1845">
     <span class='ocr_line' id='line_1_10' title="bbox 177 1757 1378 1845; baseline -0.002 -13"><span class='ocrx_word' id='word_1_67' title='bbox 177 1758 341 1835; x_wconf 85' lang='lat' dir='ltr'>fiuerunt</span> <span class='ocrx_word' id='word_1_68' title='bbox 366 1763 497 1837; x_wconf 91' lang='lat' dir='ltr'>deinde</span> <span class='ocrx_word' id='word_1_69' title='bbox 523 1763 560 1835; x_wconf 91' lang='lat' dir='ltr'>in</span> <span class='ocrx_word' id='word_1_70' title='bbox 584 1760 797 1836; x_wconf 74' lang='lat' dir='ltr'>ulteriorem</span> <span class='ocrx_word' id='word_1_71' title='bbox 822 1761 955 1837; x_wconf 86' lang='lat' dir='ltr'>veneni</span> <span class='ocrx_word' id='word_1_72' title='bbox 979 1760 1089 1834; x_wconf 80' lang='lat' dir='ltr'>huius</span> <span class='ocrx_word' id='word_1_73' title='bbox 1116 1757 1198 1834; x_wconf 88' lang='lat' dir='ltr'>fon·</span> <span class='ocrx_word' id='word_1_74' title='bbox 1291 1840 1293 1845; x_wconf 54' lang='grc'>,</span> <span class='ocrx_word' id='word_1_75' title='bbox 1374 1822 1378 1829; x_wconf 94' lang='grc'><em>.</em></span> 
     </span>
    </p>

    <p class='ocr_par' dir='ltr' id='par_1_11' title="bbox 177 1881 1208 2085">
     <span class='ocr_line' id='line_1_11' title="bbox 177 1881 1198 1986; baseline 0.001 -29"><span class='ocrx_word' id='word_1_76' title='bbox 177 1900 277 1977; x_wconf 83' lang='lat' dir='ltr'>tem,</span> <span class='ocrx_word' id='word_1_77' title='bbox 320 1907 438 1984; x_wconf 86' lang='lat' dir='ltr'>eoque</span> <span class='ocrx_word' id='word_1_78' title='bbox 477 1887 548 1960; x_wconf 90' lang='lat' dir='ltr'>fine</span> <span class='ocrx_word' id='word_1_79' title='bbox 585 1881 849 1963; x_wconf 79' lang='lat' dir='ltr'>accuratiffime&#39;</span> <span class='ocrx_word' id='word_1_80' title='bbox 888 1883 1198 1986; x_wconf 83' lang='lat' dir='ltr'>perlustrauerunt</span> 
     </span>
     <span class='ocr_line' id='line_1_12' title="bbox 1044 2029 1208 2085; baseline -0.012 -3"><span class='ocrx_word' id='word_1_81' title='bbox 1044 2029 1208 2085; x_wconf 82' lang='lat' dir='ltr'>omnem·</span> 
     </span>
    </p>
   </div>
   <div class='ocr_carea' id='block_1_3' title="bbox 258 2217 1294 3636">
    <p class='ocr_par' dir='ltr' id='par_1_12' title="bbox 258 2217 1294 3636">
     <span class='ocr_line' id='line_1_13' title="bbox 260 2217 1199 2294; baseline 0.001 -11"><span class='ocrx_word' id='word_1_82' title='bbox 260 2218 406 2286; x_wconf 87' lang='lat' dir='ltr'>cerebello</span> <span class='ocrx_word' id='word_1_83' title='bbox 419 2217 569 2294; x_wconf 76' lang='lat' dir='ltr'>hominia,</span> <span class='ocrx_word' id='word_1_84' title='bbox 595 2218 725 2288; x_wconf 81' lang='lat' dir='ltr'>motibus</span> <span class='ocrx_word' id='word_1_85' title='bbox 738 2220 861 2289; x_wconf 83' lang='lat' dir='ltr'>obnoxii</span> <span class='ocrx_word' id='word_1_86' title='bbox 879 2221 1065 2288; x_wconf 82' lang='lat' dir='ltr'>conuullluis.</span> <span class='ocrx_word' id='word_1_87' title='bbox 1105 2226 1138 2284; x_wconf 89' lang='lat' dir='ltr'>E.</span> <span class='ocrx_word' id='word_1_88' title='bbox 1159 2225 1199 2284; x_wconf 86' lang='lat' dir='ltr'>N.</span> 
     </span>
     <span class='ocr_line' id='line_1_14' title="bbox 259 2322 1200 2406; baseline -0.005 -17"><span class='ocrx_word' id='word_1_89' title='bbox 259 2327 295 2389; x_wconf 84' lang='lat' dir='ltr'>C.</span> <span class='ocrx_word' id='word_1_90' title='bbox 316 2326 485 2388; x_wconf 74' lang='lat' dir='ltr'>describunt</span> <span class='ocrx_word' id='word_1_91' title='bbox 506 2344 632 2404; x_wconf 87' lang='lat' dir='ltr'>puerum</span> <span class='ocrx_word' id='word_1_92' title='bbox 657 2327 953 2406; x_wconf 73' lang='lat' dir='ltr'>hydrocephalirum,</span> <span class='ocrx_word' id='word_1_93' title='bbox 977 2328 1058 2386; x_wconf 84' lang='lat' dir='ltr'>cuius</span> <span class='ocrx_word' id='word_1_94' title='bbox 1075 2322 1200 2386; x_wconf 87' lang='lat' dir='ltr'>cerebel-</span> 
     </span>
     <span class='ocr_line' id='line_1_15' title="bbox 260 2427 1200 2507; baseline -0.003 -18"><span class='ocrx_word' id='word_1_95' title='bbox 260 2430 325 2489; x_wconf 82' lang='lat' dir='ltr'>lum</span> <span class='ocrx_word' id='word_1_96' title='bbox 340 2447 488 2507; x_wconf 86' lang='lat' dir='ltr'>repertum</span> <span class='ocrx_word' id='word_1_97' title='bbox 501 2427 557 2487; x_wconf 89' lang='lat' dir='ltr'>fuit</span> <span class='ocrx_word' id='word_1_98' title='bbox 570 2429 741 2490; x_wconf 81' lang='lat' dir='ltr'>induratum</span> <span class='ocrx_word' id='word_1_99' title='bbox 756 2450 825 2490; x_wconf 91' lang='lat' dir='ltr'>cum</span> <span class='ocrx_word' id='word_1_100' title='bbox 839 2430 912 2492; x_wconf 87' lang='lat' dir='ltr'>dura</span> <span class='ocrx_word' id='word_1_101' title='bbox 930 2445 1022 2488; x_wconf 88' lang='lat' dir='ltr'>matre</span> <span class='ocrx_word' id='word_1_102' title='bbox 1034 2429 1133 2490; x_wconf 72' lang='lat' dir='ltr'>cronio</span> <span class='ocrx_word' id='word_1_103' title='bbox 1151 2446 1200 2487; x_wconf 92' lang='lat' dir='ltr'>co·</span> 
     </span>
     <span class='ocr_line' id='line_1_16' title="bbox 260 2530 1276 2609; baseline -0.008 -13"><span class='ocrx_word' id='word_1_104' title='bbox 260 2532 418 2601; x_wconf 83' lang='lat' dir='ltr'>haerente,</span> <span class='ocrx_word' id='word_1_105' title='bbox 438 2532 521 2592; x_wconf 84' lang='lat' dir='ltr'>nulla</span> <span class='ocrx_word' id='word_1_106' title='bbox 533 2532 681 2609; x_wconf 86' lang='lat' dir='ltr'>superstite</span> <span class='ocrx_word' id='word_1_107' title='bbox 697 2533 828 2594; x_wconf 84' lang='lat' dir='ltr'>cauitate.</span> <span class='ocrx_word' id='word_1_108' title='bbox 867 2530 947 2592; x_wconf 78' lang='lat' dir='ltr'>alibi</span> <span class='ocrx_word' id='word_1_109' title='bbox 965 2531 1082 2592; x_wconf 88' lang='lat' dir='ltr'>eaedem</span> <span class='ocrx_word' id='word_1_110' title='bbox 1104 2530 1201 2591; x_wconf 88' lang='lat' dir='ltr'>obser·</span> <span class='ocrx_word' id='word_1_111' title='bbox 1239 2576 1242 2585; x_wconf 90' lang='lat'><em>.</em></span> <span class='ocrx_word' id='word_1_112' title='bbox 1274 2536 1276 2555; x_wconf 84' lang='lat'><strong>²</strong></span> 
     </span>
     <span class='ocr_line' id='line_1_17' title="bbox 260 2626 1201 2714; baseline -0.007 -17"><span class='ocrx_word' id='word_1_113' title='bbox 260 2637 411 2697; x_wconf 84' lang='lat' dir='ltr'>vationem</span> <span class='ocrx_word' id='word_1_114' title='bbox 427 2630 537 2694; x_wconf 89' lang='lat' dir='ltr'>habent</span> <span class='ocrx_word' id='word_1_115' title='bbox 554 2632 688 2696; x_wconf 85' lang='lat' dir='ltr'>cerebelli</span> <span class='ocrx_word' id='word_1_116' title='bbox 707 2626 877 2714; x_wconf 77' lang='lat' dir='ltr'>putrefaffi,</span> <span class='ocrx_word' id='word_1_117' title='bbox 900 2628 1078 2710; x_wconf 78' lang='lat' dir='ltr'>corpusculis</span> <span class='ocrx_word' id='word_1_118' title='bbox 1094 2631 1201 2692; x_wconf 80' lang='lat' dir='ltr'>scaten-</span> 
     </span>
     <span class='ocr_line' id='line_1_18' title="bbox 263 2732 1202 2820; baseline -0.004 -23"><span class='ocrx_word' id='word_1_119' title='bbox 263 2741 300 2800; x_wconf 87' lang='lat' dir='ltr'>tis</span> <span class='ocrx_word' id='word_1_120' title='bbox 317 2735 492 2820; x_wconf 86' lang='lat' dir='ltr'>glandulofis</span> <span class='ocrx_word' id='word_1_121' title='bbox 510 2756 545 2795; x_wconf 84' lang='lat' dir='ltr'>ex</span> <span class='ocrx_word' id='word_1_122' title='bbox 561 2755 650 2817; x_wconf 88' lang='lat' dir='ltr'>aegro</span> <span class='ocrx_word' id='word_1_123' title='bbox 660 2759 676 2798; x_wconf 92' lang='lat' dir='ltr'>e</span> <span class='ocrx_word' id='word_1_124' title='bbox 686 2733 923 2799; x_wconf 82' lang='lat' dir='ltr'>conuulsronibus</span> <span class='ocrx_word' id='word_1_125' title='bbox 936 2753 1065 2796; x_wconf 86' lang='lat' dir='ltr'>mortuo.</span> <span class='ocrx_word' id='word_1_126' title='bbox 1087 2732 1131 2797; x_wconf 80' lang='lat' dir='ltr'>CL</span> <span class='ocrx_word' id='word_1_127' title='bbox 1145 2749 1202 2794; x_wconf 79' lang='lat'>61-</span> 
     </span>
     <span class='ocr_line' id='line_1_19' title="bbox 261 2831 1202 2920; baseline -0.005 -18"><span class='ocrx_word' id='word_1_128' title='bbox 261 2856 345 2902; x_wconf 73' lang='grc' dir='ltr'>6οτ</span> <span class='ocrx_word' id='word_1_129' title='bbox 371 2842 399 2901; x_wconf 86' lang='lat' dir='ltr'>l‘a</span> <span class='ocrx_word' id='word_1_130' title='bbox 424 2853 687 2913; x_wconf 61' lang='lat' dir='ltr'>PEYRONNH,</span> <span class='ocrx_word' id='word_1_131' title='bbox 714 2831 871 2920; x_wconf 83' lang='lat' dir='ltr'>primarius</span> <span class='ocrx_word' id='word_1_132' title='bbox 893 2837 982 2920; x_wconf 86' lang='lat' dir='ltr'>Regis</span> <span class='ocrx_word' id='word_1_133' title='bbox 1004 2837 1113 2899; x_wconf 74' lang='lat' dir='ltr'>Gallite</span> <span class='ocrx_word' id='word_1_134' title='bbox 1129 2837 1202 2898; x_wconf 68' lang='lat' dir='ltr'>vChi·</span> 
     </span>
     <span class='ocr_line' id='line_1_20' title="bbox 261 2938 1203 3025; baseline -0.011 -19"><span class='ocrx_word' id='word_1_135' title='bbox 261 2962 388 3025; x_wconf 79' lang='lat' dir='ltr'>rurgns,</span> <span class='ocrx_word' id='word_1_136' title='bbox 416 2961 565 3002; x_wconf 89' lang='lat' dir='ltr'>tumorem</span> <span class='ocrx_word' id='word_1_137' title='bbox 585 2942 712 3011; x_wconf 89' lang='lat' dir='ltr'>dutum,</span> <span class='ocrx_word' id='word_1_138' title='bbox 732 2944 765 3004; x_wconf 92' lang='lat' dir='ltr'>in</span> <span class='ocrx_word' id='word_1_139' title='bbox 778 2938 941 3003; x_wconf 90' lang='lat' dir='ltr'>ventriculo</span> <span class='ocrx_word' id='word_1_140' title='bbox 955 2940 1138 3008; x_wconf 84' lang='lat' dir='ltr'>haerentem,</span> <span class='ocrx_word' id='word_1_141' title='bbox 1153 2939 1203 2999; x_wconf 91' lang='lat' dir='ltr'>de.</span> 
     </span>
     <span class='ocr_line' id='line_1_21' title="bbox 258 3027 1203 3127; baseline -0.008 -19"><span class='ocrx_word' id='word_1_142' title='bbox 258 3048 385 3112; x_wconf 87' lang='lat' dir='ltr'>lineauit</span> <span class='ocrx_word' id='word_1_143' title='bbox 412 3045 463 3106; x_wconf 91' lang='lat' dir='ltr'>oui</span> <span class='ocrx_word' id='word_1_144' title='bbox 488 3045 612 3125; x_wconf 82' lang='lat' dir='ltr'>gallinae</span> <span class='ocrx_word' id='word_1_145' title='bbox 640 3027 862 3127; x_wconf 78' lang='lat' dir='ltr'>magnitudine,</span> <span class='ocrx_word' id='word_1_146' title='bbox 885 3038 1075 3121; x_wconf 78' lang='lat' dir='ltr'>occupantem</span> <span class='ocrx_word' id='word_1_147' title='bbox 1102 3043 1203 3102; x_wconf 84' lang='lat' dir='ltr'>locum</span> 
     </span>
     <span class='ocr_line' id='line_1_22' title="bbox 263 3142 1294 3228; baseline -0.008 -17"><span class='ocrx_word' id='word_1_148' title='bbox 263 3147 417 3218; x_wconf 88' lang='lat' dir='ltr'>cerebelli,</span> <span class='ocrx_word' id='word_1_149' title='bbox 436 3149 517 3228; x_wconf 89' lang='lat' dir='ltr'>quod</span> <span class='ocrx_word' id='word_1_150' title='bbox 534 3145 567 3209; x_wconf 93' lang='lat' dir='ltr'>in</span> <span class='ocrx_word' id='word_1_151' title='bbox 583 3145 721 3209; x_wconf 84' lang='lat' dir='ltr'>laminam</span> <span class='ocrx_word' id='word_1_152' title='bbox 735 3142 881 3216; x_wconf 77' lang='lat' dir='ltr'>tenacem,</span> <span class='ocrx_word' id='word_1_153' title='bbox 903 3145 1013 3208; x_wconf 87' lang='lat' dir='ltr'>lineam</span> <span class='ocrx_word' id='word_1_154' title='bbox 1027 3143 1144 3205; x_wconf 86' lang='lat' dir='ltr'>craffam</span> <span class='ocrx_word' id='word_1_155' title='bbox 1159 3162 1203 3204; x_wconf 70' lang='lat' dir='ltr'>re·</span> <span class='ocrx_word' id='word_1_156' title='bbox 1241 3210 1243 3217; x_wconf 55' lang='grc'>,</span> <span class='ocrx_word' id='word_1_157' title='bbox 1292 3148 1294 3155; x_wconf 87' lang='grc'><strong>’</strong></span> 
     </span>
     <span class='ocr_line' id='line_1_23' title="bbox 263 3246 1204 3330; baseline -0.011 -16"><span class='ocrx_word' id='word_1_158' title='bbox 263 3254 383 3314; x_wconf 63' lang='lat' dir='ltr'>cladium</span> <span class='ocrx_word' id='word_1_159' title='bbox 401 3269 548 3311; x_wconf 83' lang='lat' dir='ltr'>tumorem</span> <span class='ocrx_word' id='word_1_160' title='bbox 571 3251 753 3311; x_wconf 80' lang='lat' dir='ltr'>inuoluebat.</span> <span class='ocrx_word' id='word_1_161' title='bbox 792 3250 889 3330; x_wconf 84' lang='lat' dir='ltr'>Aeger</span> <span class='ocrx_word' id='word_1_162' title='bbox 910 3246 1009 3327; x_wconf 84' lang='lat' dir='ltr'>paneis</span> <span class='ocrx_word' id='word_1_163' title='bbox 1031 3263 1098 3306; x_wconf 80' lang='lat' dir='ltr'>ante</span> <span class='ocrx_word' id='word_1_164' title='bbox 1121 3264 1204 3305; x_wconf 87' lang='lat' dir='ltr'>mor·</span> 
     </span>
     <span class='ocr_line' id='line_1_24' title="bbox 263 3348 1205 3430; baseline -0.007 -15"><span class='ocrx_word' id='word_1_165' title='bbox 263 3373 326 3415; x_wconf 90' lang='lat' dir='ltr'>tem</span> <span class='ocrx_word' id='word_1_166' title='bbox 342 3352 444 3413; x_wconf 84' lang='lat' dir='ltr'>diebus</span> <span class='ocrx_word' id='word_1_167' title='bbox 460 3348 697 3412; x_wconf 85' lang='lat' dir='ltr'>conuulfionibus</span> <span class='ocrx_word' id='word_1_168' title='bbox 714 3368 864 3430; x_wconf 88' lang='lat' dir='ltr'>correptus</span> <span class='ocrx_word' id='word_1_169' title='bbox 880 3352 915 3412; x_wconf 86' lang='lat' dir='ltr'>ad</span> <span class='ocrx_word' id='word_1_170' title='bbox 933 3365 1098 3411; x_wconf 85' lang='lat' dir='ltr'>extremum</span> <span class='ocrx_word' id='word_1_171' title='bbox 1111 3366 1205 3428; x_wconf 88' lang='lat' dir='ltr'>usque</span> 
     </span>
     <span class='ocr_line' id='line_1_25' title="bbox 263 3437 1205 3533; baseline -0.011 -12"><span class='ocrx_word' id='word_1_172' title='bbox 263 3456 390 3521; x_wconf 86' lang='lat' dir='ltr'>halitum</span> <span class='ocrx_word' id='word_1_173' title='bbox 407 3456 474 3515; x_wconf 86' lang='lat' dir='ltr'>vsus</span> <span class='ocrx_word' id='word_1_174' title='bbox 496 3454 535 3515; x_wconf 88' lang='lat' dir='ltr'>est</span> <span class='ocrx_word' id='word_1_175' title='bbox 553 3455 665 3515; x_wconf 87' lang='lat' dir='ltr'>animae</span> <span class='ocrx_word' id='word_1_176' title='bbox 686 3450 887 3515; x_wconf 72' lang='lat' dir='ltr'>funffiourbus</span> <span class='ocrx_word' id='word_1_177' title='bbox 901 3452 1043 3533; x_wconf 76' lang='lat' dir='ltr'>integris,</span> <span class='ocrx_word' id='word_1_178' title='bbox 1061 3449 1093 3512; x_wconf 75' lang='grc' dir='ltr'>δι</span> <span class='ocrx_word' id='word_1_179' title='bbox 1104 3437 1205 3529; x_wconf 66' lang='lat' dir='ltr'>enqui-</span> 
     </span>
     <span class='ocr_line' id='line_1_26' title="bbox 263 3552 1205 3636; baseline -0.008 -12"><span class='ocrx_word' id='word_1_180' title='bbox 263 3560 319 3625; x_wconf 79' lang='lat' dir='ltr'>fito</span> <span class='ocrx_word' id='word_1_181' title='bbox 339 3554 439 3628; x_wconf 85' lang='lat' dir='ltr'>sensu,</span> <span class='ocrx_word' id='word_1_182' title='bbox 466 3576 520 3617; x_wconf 89' lang='lat' dir='ltr'>nec</span> <span class='ocrx_word' id='word_1_183' title='bbox 534 3554 721 3636; x_wconf 81' lang='lat' dir='ltr'>respiratione</span> <span class='ocrx_word' id='word_1_184' title='bbox 734 3556 865 3627; x_wconf 84' lang='lat' dir='ltr'>turbata,</span> <span class='ocrx_word' id='word_1_185' title='bbox 886 3576 940 3617; x_wconf 89' lang='lat' dir='ltr'>nec</span> <span class='ocrx_word' id='word_1_186' title='bbox 959 3552 1054 3616; x_wconf 88' lang='lat' dir='ltr'>cordis</span> <span class='ocrx_word' id='word_1_187' title='bbox 1082 3553 1205 3616; x_wconf 68' lang='lat' dir='ltr'>afflone.</span> 
     </span>
    </p>
   </div>
   <div class='ocr_carea' id='block_1_4' title="bbox 266 3731 1398 4241">
    <p class='ocr_par' dir='ltr' id='par_1_13' title="bbox 266 3731 1398 4241">
     <span class='ocr_line' id='line_1_27' title="bbox 345 3731 1205 3801; baseline -0.009 -1"><span class='ocrx_word' id='word_1_188' title='bbox 345 3750 552 3801; x_wconf 71' lang='lat' dir='ltr'>aklssssav</span> <span class='ocrx_word' id='word_1_189' title='bbox 570 3737 605 3798; x_wconf 81' lang='lat' dir='ltr'>in</span> <span class='ocrx_word' id='word_1_190' title='bbox 621 3739 689 3798; x_wconf 67' lang='lat' dir='ltr'>reiis</span> <span class='ocrx_word' id='word_1_191' title='bbox 711 3734 845 3797; x_wconf 85' lang='lat' dir='ltr'>Parismir</span> <span class='ocrx_word' id='word_1_192' title='bbox 872 3733 1105 3796; x_wconf 82' lang='lat' dir='ltr'>obseruationem</span> <span class='ocrx_word' id='word_1_193' title='bbox 1116 3731 1205 3793; x_wconf 86' lang='lat' dir='ltr'>habet</span> 
     </span>
     <span class='ocr_line' id='line_1_28' title="bbox 266 3835 1206 3925; baseline -0.013 -20"><span class='ocrx_word' id='word_1_194' title='bbox 266 3843 393 3905; x_wconf 78' lang='lat' dir='ltr'>tumoris</span> <span class='ocrx_word' id='word_1_195' title='bbox 426 3839 511 3925; x_wconf 73' lang='lat' dir='ltr'>cluri,</span> <span class='ocrx_word' id='word_1_196' title='bbox 539 3841 591 3900; x_wconf 87' lang='lat' dir='ltr'>oui</span> <span class='ocrx_word' id='word_1_197' title='bbox 617 3840 781 3899; x_wconf 90' lang='lat' dir='ltr'>columbini</span> <span class='ocrx_word' id='word_1_198' title='bbox 804 3836 1030 3918; x_wconf 81' lang='lat' dir='ltr'>magnitudine,</span> <span class='ocrx_word' id='word_1_199' title='bbox 1053 3837 1085 3897; x_wconf 92' lang='lat' dir='ltr'>in</span> <span class='ocrx_word' id='word_1_200' title='bbox 1106 3835 1206 3895; x_wconf 87' lang='lat' dir='ltr'>medio</span> 
     </span>
     <span class='ocr_line' id='line_1_29' title="bbox 266 3926 1398 4020; baseline -0.016 -11"><span class='ocrx_word' id='word_1_201' title='bbox 266 3945 314 4009; x_wconf 79' lang='lat' dir='ltr'>liti</span> <span class='ocrx_word' id='word_1_202' title='bbox 329 3944 494 4006; x_wconf 57' lang='lat' dir='ltr'>cerebello,</span> <span class='ocrx_word' id='word_1_203' title='bbox 521 3955 711 4007; x_wconf 66' lang='lat' dir='ltr'>RONETVS</span> <span class='ocrx_word' id='word_1_204' title='bbox 726 3943 758 4002; x_wconf 89' lang='lat' dir='ltr'>in</span> <span class='ocrx_word' id='word_1_205' title='bbox 772 3942 824 4002; x_wconf 85' lang='lat' dir='ltr'>suo</span> <span class='ocrx_word' id='word_1_206' title='bbox 833 3941 973 4020; x_wconf 69' lang='lat' dir='ltr'>sepulcrm.</span> <span class='ocrx_word' id='word_1_207' title='bbox 993 3957 1071 4000; x_wconf 73' lang='lat' dir='ltr'>uae.</span> <span class='ocrx_word' id='word_1_208' title='bbox 1095 3937 1206 4000; x_wconf 84' lang='lat' dir='ltr'>adoles·</span> <span class='ocrx_word' id='word_1_209' title='bbox 1317 3949 1321 3959; x_wconf 86' lang='grc'><em>’</em></span> <span class='ocrx_word' id='word_1_210' title='bbox 1395 3926 1398 3937; x_wconf 74' lang='grc'><strong>“</strong></span> 
     </span>
     <span class='ocr_line' id='line_1_30' title="bbox 269 4039 1207 4122; baseline -0.015 -11"><span class='ocrx_word' id='word_1_211' title='bbox 269 4068 384 4112; x_wconf 80' lang='lat' dir='ltr'>centem</span> <span class='ocrx_word' id='word_1_212' title='bbox 402 4049 534 4108; x_wconf 86' lang='lat' dir='ltr'>nominat</span> <span class='ocrx_word' id='word_1_213' title='bbox 564 4045 656 4122; x_wconf 88' lang='lat' dir='ltr'>capite</span> <span class='ocrx_word' id='word_1_214' title='bbox 674 4043 858 4122; x_wconf 72' lang='lat' dir='ltr'>perculsum,</span> <span class='ocrx_word' id='word_1_215' title='bbox 885 4044 932 4104; x_wconf 91' lang='lat' dir='ltr'>die</span> <span class='ocrx_word' id='word_1_216' title='bbox 954 4043 1018 4121; x_wconf 89' lang='lat' dir='ltr'>post</span> <span class='ocrx_word' id='word_1_217' title='bbox 1032 4042 1140 4102; x_wconf 73' lang='lat' dir='ltr'>vulnus</span> <span class='ocrx_word' id='word_1_218' title='bbox 1160 4039 1207 4098; x_wconf 79' lang='lat' dir='ltr'>in·</span> 
     </span>
     <span class='ocr_line' id='line_1_31' title="bbox 270 4146 1207 4241; baseline -0.016 -21"><span class='ocrx_word' id='word_1_219' title='bbox 270 4146 387 4220; x_wconf 60' lang='lat' dir='ltr'>birrum</span> <span class='ocrx_word' id='word_1_220' title='bbox 402 4149 561 4223; x_wconf 78' lang='lat' dir='ltr'>undecimo</span> <span class='ocrx_word' id='word_1_221' title='bbox 581 4164 749 4212; x_wconf 82' lang='lat' dir='ltr'>mortuum:</span> <span class='ocrx_word' id='word_1_222' title='bbox 767 4148 875 4210; x_wconf 69' lang='lat' dir='ltr'>refello</span> <span class='ocrx_word' id='word_1_223' title='bbox 896 4147 995 4212; x_wconf 74' lang='lat' dir='ltr'>mutio</span> <span class='ocrx_word' id='word_1_224' title='bbox 1009 4146 1207 4241; x_wconf 78' lang='lat' dir='ltr'>itallammatae</span> 
     </span>
    </p>
   </div>
   <div class='ocr_carea' id='block_1_5' title="bbox 1119 4268 1205 4335">
    <p class='ocr_par' dir='ltr' id='par_1_14' title="bbox 1119 4268 1205 4335">
     <span class='ocr_line' id='line_1_32' title="bbox 1119 4268 1205 4335; baseline -0.093 0"><span class='ocrx_word' id='word_1_225' title='bbox 1119 4268 1205 4335; x_wconf 68' lang='lat' dir='ltr'>ura·</span> 
     </span>
    </p>
   </div>
   <div class='ocr_carea' id='block_1_6' title="bbox 0 0 1557 5142">
    <p class='ocr_par' dir='ltr' id='par_1_15' title="bbox 0 0 1557 5142">
     <span class='ocr_line' id='line_1_33' title="bbox 0 0 1557 5142; baseline 0 0"><span class='ocrx_word' id='word_1_226' title='bbox 0 0 1557 5142; x_wconf 95' lang='lat' dir='ltr'> </span> 
     </span>
    </p>
   </div>
  </div>
 </body>
</html>
