3059 5142
274 654 277 659 ·
331 602 418 721 306
539 596 716 685 Grmiini
742 596 958 685 Semode
985 528 1138 682 Plintis

328 796 475 898 loiogia·
493 796 612 869 'Sacra
641 791 721 894 post
751 790 971 893 applicatam
1005 786 1154 893 operam
1198 810 1350 867 omnem

172 1002 175 1007 ,
210 955 219 979 x
328 919 441 996 offert
465 918 647 1009 Medicis,
685 916 893 1015 traditque3
933 916 1128 991 nonenim
1154 915 1251 992 hanc
1273 936 1351 989 me

222 1128 225 1133 ,
323 1022 449 1117 'dicam
469 1041 707 1129 betonicam,
729 1037 857 1117 nostris
884 1034 976 1117 adeo
999 1036 1184 1116 excultam
1204 1056 1350 1135 tempo-

326 1168 450 1255 ribus,
475 1164 598 1239 metiri
623 1183 770 1239 tantum
795 1160 850 1237 fas
876 1160 927 1239 est
952 1162 1091 1240 exiliis
1118 1160 1350 1262 systematum
1388 1178 1392 1185 ’

327 1289 557 1383 rationibus,
581 1310 673 1387 quas
698 1284 899 1364 multarum
923 1285 1179 1389 hypothesium
1193 1282 1350 1361 vanitati

328 1409 583 1514 superstrudias
608 1409 679 1487 effe
705 1408 881 1486 continuo
913 1410 1016 1485 nobis
1051 1411 1248 1498 obiiciunt,
1288 1404 1352 1481 sed

328 1534 514 1612 aestimare
548 1537 671 1635 potius
704 1534 892 1635 oportebit
922 1531 1068 1609 exiliis
1101 1533 1350 1613 recentiorum

300 1650 597 1738 'Botanicorum
611 1657 747 1733 limatis
773 1657 974 1733 admodum
999 1654 1261 1760 vegetabilium
1287 1654 1348 1727 de·

229 1824 233 1831 ·
294 1818 297 1822 ·
326 1783 612 1883 scriptionibus,
652 1804 747 1880 quae
781 1776 1018 1858 abstrahendo
1045 1783 1090 1863 ab
1115 1780 1217 1855 omni
1243 1776 1350 1887 syste-

325 1907 454 1981 matis·
471 1928 617 1981 carcere
649 1903 793 2005 plantas
825 1903 930 1985 nobis
970 1904 1179 1993 delineant,
1222 1900 1348 2003 quales

325 2032 471 2109 Natura
497 2011 634 2129 pingit,
660 2024 874 2114 deformat,
900 2026 1034 2129 suaque
1061 2006 1348 2110 faciunt-omnia

325 2153 430 2241 duta,
452 2172 709 2269 guaecunque
741 2146 908 2226 latissimo
935 2148 1052 2227 sumta
1078 2151 1175 2228 sensu
1200 2150 1373 2233 historia'

325 2298 453 2355 earum
477 2273 654 2350 naturalis
679 2272 904 2352 obseruatori
938 2276 1125 2380 porrigere
1148 2272 1270 2379 potest
1293 2292 1349 2350 at·

324 2418 455 2488 tento,
480 2400 562 2499 quis
587 2399 685 2474 enim
706 2399 871 2498 ignorat,
906 2397 1082 2489 docendi,
1117 2399 1348 2500 discendique

321 2522 495 2599 ‘ordinem
521 2522 797 2612 iuberemulta,
822 2525 1002 2621 imperare
1015 2540 1164 2623 quoque
1189 2521 1348 2624 piurima¹

128 2670 138 2687 ·
187 2660 191 2665 ·
320 2632 363 2721 'in
396 2646 506 2721 rebus
538 2645 693 2746 physicis
733 2646 772 2719 δι
804 2644 956 2719 medicis
990 2644 1266 2726 multitudinem
1292 2668 1348 2721 re·

322 2794 428 2859 rum,
455 2771 495 2845 &
518 2768 766 2860 ohiesiorum,
793 2791 887 2867 quae
913 2754 1030 2844 inuita
1055 2770 1117 2845 hic
1140 2770 1180 2846 dr
1204 2770 1254 2844 ibi
1276 2770 1348 2845 Mi·

323 2916 440 2967 nerua
463 2890 580 2981 siunt,
606 2893 645 2968 dc
670 2891 820 2969 aMufis
845 2890 1081 2968 indiuiduaiia
1107 2890 1249 2969 obieiia
1263 2886 1348 2996 par·

140 3066 146 3073 -
223 3004 227 3009 ’
323 3014 470 3091 ticulari
495 2998 640 3117 prorsus
662 3016 831 3093 examine
853 3015 1155 3119 prosequentibus
1187 3040 1264 3095 non
1290 3038 1347 3093 te-

285 3144 289 3169 '
320 3138 734 3243 danudon-expediant
759 3138 994 3241 obsequium3
1019 3159 1064 3219 vt
1078 3126 1347 3219 enim'instille-

321 3285 406 3338 mus
424 3264 568 3355 multa,
602 3266 641 3342 dr
667 3263 838 3343 instillare
869 3261 1063 3364 poffimus,
1097 3268 1202 3341 iuuat
1227 3264 1345 3355 ordo,

320 3387 376 3463 ita
398 3386 549 3489 quidem
557 3390 733 3490 :plurima
759 3390 948 3489 digerens,
990 3406 1052 3480 vt,
1088 3410 1184 3491 quae
1205 3378 1345 3489 absqde

200 3524 206 3531 ·
319 3508 385 3586 iilo
410 3511 591 3612 capinon
617 3511 761 3614 possent
790 3514 941 3603 omnia,
972 3513 1186 3615 capiantur,
1221 3532 1345 3613 neque

240 3648 245 3655 '
320 3650 404 3709 tum
428 3629 779 3726 interestmultum,
815 3661 906 3712 num
939 3635 1000 3714 ilie
1031 3661 1148 3715 nexus
1180 3635 1344 3713 adeost

249 3822 251 3827 s
319 3758 484 3833 numeris
510 3759 695 3838 absolutus
729 3761 921 3852 omnibus',
960 3761 1099 3864 aliquid
1130 3760 1228 3838 enim
1262 3750 1343 3834 ten-

319 3882 476 3958 tandum
506 3882 576 3977 cst,
626 3874 827 3964 memoriae
849 3883 1041 3965 ieuandae
1082 3884 1209 3978 causa3
1250 3883 1342 3957 dum

318 4024 412 4081 vero
436 4005 592 4108 fingulos
624 4027 776 4085 catenae
804 4010 916 4086 huius
955 4009 1110 4087 annulos
1141 4010 1188 4086 ad
1226 4005 1340 4109 ipsam

319 4128 485 4208 Naturae
512 4127 676 4210 amusiim
698 4135 913 4230 emetimur,
939 4132 1043 4214 missa
1067 4121 1226 4226 catenae·
1244 4131 1341 4231 sym-

1175 4276 1335 4349 metria,
