3059 5142
1185 520 1205 553 'i

277 628 322 713 de
338 622 467 711 Libris
482 634 567 710 iam
583 610 699 709 nouit
716 620 841 732 quam
854 610 1040 735 adiuuit.
1111 652 1197 741 411

179 816 518 921 at'ipue'lustrandm
545 820 583 893 iu
608 816 779 893 Eccltstas
806 818 920 891 incidi·
943 820 1087 895 circiter
1110 843 1199 920 qua-
1274 878 1276 883 ·
1320 822 1327 840 “

179 942 367 1044 draginta,
392 944 439 1017 ad
453 940 714 1017 Vualdenstum
741 964 883 1015 morem
907 942 1198 1046 praescriptaque

176 1064 374 1143 institutos.
428 1064 650 1165 Queipsie
674 1088 735 1140 me
754 1065 834 1139 sane
849 1062 1017 1166 singulari
1032 1046 1198 1167 ¹quadarn
1300 1090 1303 1095 ·

178 1189 396 1289 voluptate,
423 1187 647 1288 laetitiaque·
660 1186 873 1263 affecerunt.
931 1192 1073 1264 Etenim
1105 1215 1199 1291 pura

178 1316 217 1389 in
235 1310 311 1388 illia
339 1336 382 1387 ac
408 1318 572 1387 concora·
590 1298 698 1386 sonat·
715 1309 901 1412 Euangelii
927 1336 1025 1403 vox,
1051 1316 1144 1392 adeo
1159 1318 1199 1393 id

165 1420 351 1539 ⁴quidem,
377 1453 422 1509 vt
446 1458 577 1535 nequet
589 1436 626 1508 in
651 1433 835 1524 docmina,
867 1460 987 1535 neque
1012 1442 1108 1514 inter
1131 1441 1199 1516 do·

178 1542 303 1638 centes
330 1560 463 1633 errotis
490 1578 555 1634 aut
580 1559 847 1635 controuersiae
873 1561 1090 1660 quicquam,
1121 1586 1198 1641 non
1237 1544 1239 1549 ¹

178 1687 264 1760 ¹dicu
287 1683 598 1771 animaduertere,
618 1680 689 1769 sed
706 1708 752 1758 ne
779 1682 944 1785 suspicari
958 1687 1106 1784 quidem
1131 1712 1197 1788 po·
1260 1690 1263 1695 ’

178 1808 327 1883 tuerim.
376 1807 620 1882 Ceremoniae
637 1802 844 1882 castissimae
859 1828 968 1907 atque
978 1805 1195 1906 purissimae,

178 1958 203 2007 a
227 1926 406 2030 papisticis
432 1929 506 2005 istis
521 1929 829 2031 superstitionibus
849 1931 1196 2030 gesticulationibus·

179 2058 253 2157 que
277 2057 330 2129 ita
352 2052 510 2144 alienae,
536 2052 584 2128 fic
604 2053 749 2155 prorsus
774 2074 960 2143 remotae,
984 2076 1028 2130 vt
1041 2081 1088 2132 ne
1103 2058 1197 2135 odor
1250 2150 1253 2162 Ι

179 2178 330 2280 quidem
357 2175 521 2266 iliarum,
562 2195 628 2251 aut
651 2173 843 2277 vestigium
868 2172 987 2253 vlium
1011 2178 1197 2280 reliquum
1322 2188 1326 2195 '

178 2302 233 2379 fit.
285 2298 481 2400 Disciplina
506 2299 642 2400 grauis¹
655 2318 768 2399 atque
791 2296 934 2390 seuera,
973 2324 1020 2376 ex
1046 2328 1117 2403 qua
1140 2306 1196 2381 vi·

179 2445 241 2502 tae
262 2426 456 2500 renouatio
489 2442 602 2522 atque
639 2424 900 2523 redintegratio
933 2422 1024 2498 tales
1056 2423 1197 2502 studius
1323 2424 1325 2431 ’

178 2548 271 2638 sert,
302 2564 348 2626 vt
371 2546 532 2622 radicem
556 2544 692 2620 horum
721 2546 873 2621 minime
913 2544 1097 2639 fucatam]
1137 2550 1200 2627 sed

176 2666 418 2760 veriffimam,
458 2690 502 2744 ac
532 2666 739 2745 Christiane
759 2668 926 2773 =immine
958 2666 1198 2773 digniffimam

177 2793 286 2873 facile
310 2792 575 2895 poenitentiam
605 2814 794 2890 agnoscas.
860 2795 965 2869 Haec
997 2802 1082 2871 cum
1114 2822 1198 2896 par-
1276 2806 1278 2811 '

178 2920 249 2994 tim
276 2919 322 2993 ad
347 2912 487 2992 Fratres
511 2916 548 2988 in
562 2912 727 3005 italiam,
752 2915 978 3016 aliarumque
1003 2922 1198 2997 nationum

177 3032 405 3141 scripfiffem,
432 3039 570 3139 partim
595 3037 778 3115 nonnuilis
804 3036 1042 3115 illustriffimis
1061 3043 1198 3130 Princi-

176 3169 286 3270 pibus
310 3162 553 3251 Germaniae,
596 3158 749 3259 aliisque
784 3161 939 3238 summis¹
966 3164 1004 3238 in
1026 3187 1071 3240 ea
1094 3167 1196 3243 Viris

177 3291 320 3391 ingenti
352 3285 580 3364 exultatione
620 3292 745 3359 coium
783 3284 1025 3377 nunciassem,
1065 3286 1126 3365 alii
1157 3291 1197 3367 in

176 3410 391 3492 vniuetsum
416 3413 585 3511 ignorare
609 3406 855 3494 Vualdenses,
883 3411 942 3489 alii
958 3412 1198 3497 vehementer

176 3536 274 3612 mihi
298 3536 422 3609 mirari
444 3534 508 3611 vili
531 3532 631 3622 sunt,
675 3533 763 3634 quid
796 3537 944 3610 tandem
971 3534 1007 3608 in
1035 3557 1199 3613 mentem

176 3661 330 3738 venerit
340 3659 536 3749 Sarmatis,
561 3653 873 3736 vtvualdenfium
889 3660 1082 3759 praecipue
1098 3663 1200 3739 Con·

175 3778 368 3861 feffionem
395 3783 630 3872 admiserint,¹
650 3784 760 3857 veriti
786 3782 980 3873 nimirum,
1007 3807 1052 3858 ne
1067 3804 1200 3882 putatu
1255 3823 1259 3831 ·

175 3930 225 3983 ac
247 3904 383 3981 sacrani
407 3905 540 3984 Christi
564 3904 788 3995 doiirinam,
828 3930 950 4009 quam·
965 3930 1080 4006 nuper
1106 3906 1200 3981 adeo

174 4026 396 4131 recepissent
409 4030 421 4121 ‚'
466 4030 611 4108 iliorum
630 4062 633 4069 ·
652 4026 795 4129 placitis
831 4026 1045 4119 inficerent,
1087 4047 1200 4125 atque

176 4154 511 4241 commacularent.
559 4150 671 4231 Hanc
690 4153 810 4254 igitur
834 4154 883 4230 ub
906 4151 1084 4241 caussam,
1119 4173 1202 4253 gra·

647 4278 777 4358 Dua
1023 4268 1204 4358 viffimam
