<?xml version="1.0" encoding="UTF-8"?>
<!DOCTYPE html PUBLIC "-//W3C//DTD XHTML 1.0 Transitional//EN"
    "http://www.w3.org/TR/xhtml1/DTD/xhtml1-transitional.dtd">
<html xmlns="http://www.w3.org/1999/xhtml" xml:lang="en" lang="en">
 <head>
  <title>
</title>
<meta http-equiv="Content-Type" content="text/html;charset=utf-8" />
  <meta name='ocr-system' content='tesseract 3.04.00' />
  <meta name='ocr-capabilities' content='ocr_page ocr_carea ocr_par ocr_line ocrx_word'/>
</head>
<body>
  <div class='ocr_page' id='page_1' title='image "./henrguilclemmii00clemgoog_0406.png"; bbox 0 0 3059 5142; ppageno 0'>
   <div class='ocr_carea' id='block_1_1' title="bbox 354 510 1312 701">
    <p class='ocr_par' dir='ltr' id='par_1_1' title="bbox 354 510 1312 701">
     <span class='ocr_line' id='line_1_1' title="bbox 354 510 1312 701; baseline -0.016 -42"><span class='ocrx_word' id='word_1_1' title='bbox 354 595 440 701; x_wconf 69' lang='lat'>399</span> <span class='ocrx_word' id='word_1_2' title='bbox 470 510 842 673; x_wconf 53' lang='lat' dir='ltr'>ttnmnucnn</span> <span class='ocrx_word' id='word_1_3' title='bbox 858 560 1312 679; x_wconf 57' lang='lat' dir='ltr'>neaptmm.</span> 
     </span>
    </p>
   </div>
   <div class='ocr_carea' id='block_1_2' title="bbox 303 748 1374 1235">
    <p class='ocr_par' dir='ltr' id='par_1_2' title="bbox 303 748 1374 1235">
     <span class='ocr_line' id='line_1_2' title="bbox 351 748 1374 862; baseline -0.002 -21"><span class='ocrx_word' id='word_1_4' title='bbox 351 782 420 841; x_wconf 78' lang='lat' dir='ltr'>auc</span> <span class='ocrx_word' id='word_1_5' title='bbox 441 784 490 841; x_wconf 83' lang='lat' dir='ltr'>ex</span> <span class='ocrx_word' id='word_1_6' title='bbox 513 764 659 862; x_wconf 85' lang='lat' dir='ltr'>impuro</span> <span class='ocrx_word' id='word_1_7' title='bbox 683 748 787 839; x_wconf 85' lang='lat' dir='ltr'>fonte</span> <span class='ocrx_word' id='word_1_8' title='bbox 809 755 1069 841; x_wconf 76' lang='lat' dir='ltr'>dilucidantur.</span> <span class='ocrx_word' id='word_1_9' title='bbox 1130 764 1229 861; x_wconf 75' lang='lat' dir='ltr'>Quia</span> <span class='ocrx_word' id='word_1_10' title='bbox 1254 765 1374 841; x_wconf 78' lang='lat' dir='ltr'>maior</span> 
     </span>
     <span class='ocr_line' id='line_1_3' title="bbox 303 880 1374 987; baseline 0.004 -24"><span class='ocrx_word' id='word_1_11' title='bbox 303 944 307 953; x_wconf 87' lang='lat'><em>.</em></span> <span class='ocrx_word' id='word_1_12' title='bbox 352 880 505 987; x_wconf 63' lang='lat' dir='ltr'>Saepini</span> <span class='ocrx_word' id='word_1_13' title='bbox 530 885 627 983; x_wconf 75' lang='lat' dir='ltr'>Quis</span> <span class='ocrx_word' id='word_1_14' title='bbox 650 907 697 963; x_wconf 87' lang='lat' dir='ltr'>en</span> <span class='ocrx_word' id='word_1_15' title='bbox 722 882 912 963; x_wconf 83' lang='lat' dir='ltr'>iincetinri</span> <span class='ocrx_word' id='word_1_16' title='bbox 950 886 1121 986; x_wconf 78' lang='lat' dir='ltr'>Qtis·ad</span> <span class='ocrx_word' id='word_1_17' title='bbox 1145 909 1223 963; x_wconf 87' lang='lat' dir='ltr'>rem</span> <span class='ocrx_word' id='word_1_18' title='bbox 1252 908 1374 985; x_wconf 88' lang='lat' dir='ltr'>prote·</span> 
     </span>
     <span class='ocr_line' id='line_1_4' title="bbox 352 1006 1372 1111; baseline 0 -26"><span class='ocrx_word' id='word_1_19' title='bbox 352 1006 525 1085; x_wconf 83' lang='lat' dir='ltr'>stantium</span> <span class='ocrx_word' id='word_1_20' title='bbox 570 1010 687 1111; x_wconf 84' lang='lat' dir='ltr'>magis</span> <span class='ocrx_word' id='word_1_21' title='bbox 712 1007 943 1087; x_wconf 76' lang='lat' dir='ltr'>accedebat?</span> <span class='ocrx_word' id='word_1_22' title='bbox 986 1007 1025 1085; x_wconf 88' lang='lat' dir='ltr'>Si</span> <span class='ocrx_word' id='word_1_23' title='bbox 1053 1008 1155 1109; x_wconf 88' lang='lat' dir='ltr'>quid.</span> <span class='ocrx_word' id='word_1_24' title='bbox 1174 1030 1268 1085; x_wconf 81' lang='lat' dir='ltr'>vero</span> <span class='ocrx_word' id='word_1_25' title='bbox 1301 1009 1372 1101; x_wconf 85' lang='lat' dir='ltr'>est,</span> 
     </span>
     <span class='ocr_line' id='line_1_5' title="bbox 351 1128 1374 1235; baseline -0.004 -26"><span class='ocrx_word' id='word_1_26' title='bbox 351 1132 454 1233; x_wconf 89' lang='lat' dir='ltr'>quod</span> <span class='ocrx_word' id='word_1_27' title='bbox 476 1132 566 1207; x_wconf 63' lang='lat' dir='ltr'>eius</span> <span class='ocrx_word' id='word_1_28' title='bbox 580 1153 744 1225; x_wconf 83' lang='lat' dir='ltr'>mentem</span> <span class='ocrx_word' id='word_1_29' title='bbox 770 1131 923 1235; x_wconf 86' lang='lat' dir='ltr'>prodat,</span> <span class='ocrx_word' id='word_1_30' title='bbox 958 1128 998 1207; x_wconf 90' lang='lat' dir='ltr'>id</span> <span class='ocrx_word' id='word_1_31' title='bbox 1031 1130 1289 1235; x_wconf 83' lang='lat' dir='ltr'>supprimitur,</span> <span class='ocrx_word' id='word_1_32' title='bbox 1330 1153 1374 1215; x_wconf 82' lang='lat' dir='ltr'>vt</span> 
     </span>
    </p>
   </div>
   <div class='ocr_carea' id='block_1_3' title="bbox 219 1252 1376 1359">
    <p class='ocr_par' dir='ltr' id='par_1_3' title="bbox 219 1252 1376 1359">
     <span class='ocr_line' id='line_1_6' title="bbox 219 1252 1376 1359; baseline 0.002 -24"><span class='ocrx_word' id='word_1_33' title='bbox 219 1262 228 1295; x_wconf 83' lang='lat'><strong>¹</strong></span> <span class='ocrx_word' id='word_1_34' title='bbox 350 1257 392 1335; x_wconf 89' lang='lat' dir='ltr'>in</span> <span class='ocrx_word' id='word_1_35' title='bbox 414 1256 494 1359; x_wconf 88' lang='lat' dir='ltr'>vita</span> <span class='ocrx_word' id='word_1_36' title='bbox 518 1254 643 1358; x_wconf 83' lang='lat' dir='ltr'>Sarpii</span> <span class='ocrx_word' id='word_1_37' title='bbox 667 1283 690 1331; x_wconf 90' lang='lat' dir='ltr'>a</span> <span class='ocrx_word' id='word_1_38' title='bbox 710 1281 781 1347; x_wconf 84' lang='lat' dir='ltr'>me</span> <span class='ocrx_word' id='word_1_39' title='bbox 796 1256 916 1344; x_wconf 87' lang='lat' dir='ltr'>edita,</span> <span class='ocrx_word' id='word_1_40' title='bbox 942 1252 980 1329; x_wconf 94' lang='lat' dir='ltr'>in</span> <span class='ocrx_word' id='word_1_41' title='bbox 997 1257 1199 1356; x_wconf 83' lang='lat' dir='ltr'>appendice</span> <span class='ocrx_word' id='word_1_42' title='bbox 1215 1276 1293 1333; x_wconf 91' lang='lat' dir='ltr'>non</span> <span class='ocrx_word' id='word_1_43' title='bbox 1310 1261 1376 1337; x_wconf 70' lang='lat' dir='ltr'>on-</span> 
     </span>
    </p>
   </div>
   <div class='ocr_carea' id='block_1_4' title="bbox 299 1373 1378 2366">
    <p class='ocr_par' dir='ltr' id='par_1_4' title="bbox 351 1373 1378 1605">
     <span class='ocr_line' id='line_1_7' title="bbox 351 1373 1378 1481; baseline 0 -26"><span class='ocrx_word' id='word_1_44' title='bbox 351 1374 455 1455; x_wconf 86' lang='lat' dir='ltr'>scure</span> <span class='ocrx_word' id='word_1_45' title='bbox 479 1380 632 1471; x_wconf 87' lang='lat' dir='ltr'>notaui,</span> <span class='ocrx_word' id='word_1_46' title='bbox 656 1380 697 1457; x_wconf 87' lang='lat'>&amp;</span> <span class='ocrx_word' id='word_1_47' title='bbox 720 1379 797 1455; x_wconf 86' lang='lat' dir='ltr'>iam</span> <span class='ocrx_word' id='word_1_48' title='bbox 819 1401 988 1481; x_wconf 85' lang='lat' dir='ltr'>quoque,</span> <span class='ocrx_word' id='word_1_49' title='bbox 1013 1377 1179 1480; x_wconf 79' lang='lat' dir='ltr'>pluribus</span> <span class='ocrx_word' id='word_1_50' title='bbox 1204 1373 1378 1463; x_wconf 75' lang='lat' dir='ltr'>firmatus,</span> 
     </span>
     <span class='ocr_line' id='line_1_8' title="bbox 352 1499 817 1605; baseline -0.022 -18"><span class='ocrx_word' id='word_1_51' title='bbox 352 1503 577 1605; x_wconf 74' lang='lat' dir='ltr'>argumentis</span> <span class='ocrx_word' id='word_1_52' title='bbox 584 1550 598 1593; x_wconf 90' lang='lat'>,</span> <span class='ocrx_word' id='word_1_53' title='bbox 624 1499 817 1581; x_wconf 82' lang='lat' dir='ltr'>confirmo.</span> 
     </span>
    </p>

    <p class='ocr_par' dir='ltr' id='par_1_5' title="bbox 299 1642 1378 2366">
     <span class='ocr_line' id='line_1_9' title="bbox 387 1642 1374 1752; baseline -0.002 -27"><span class='ocrx_word' id='word_1_54' title='bbox 387 1706 395 1717; x_wconf 83' lang='lat'>.</span> <span class='ocrx_word' id='word_1_55' title='bbox 450 1648 584 1737; x_wconf 81' lang='lat' dir='ltr'>Dicam</span> <span class='ocrx_word' id='word_1_56' title='bbox 606 1672 681 1752; x_wconf 82' lang='lat' dir='ltr'>ego</span> <span class='ocrx_word' id='word_1_57' title='bbox 702 1660 850 1749; x_wconf 73' lang='lat' dir='ltr'>aperte,</span> <span class='ocrx_word' id='word_1_58' title='bbox 877 1648 978 1751; x_wconf 90' lang='lat' dir='ltr'>quod</span> <span class='ocrx_word' id='word_1_59' title='bbox 1001 1670 1060 1726; x_wconf 88' lang='lat' dir='ltr'>res</span> <span class='ocrx_word' id='word_1_60' title='bbox 1084 1647 1155 1725; x_wconf 79' lang='lat' dir='ltr'>cst..</span> <span class='ocrx_word' id='word_1_61' title='bbox 1189 1642 1374 1723; x_wconf 82' lang='lat' dir='ltr'>¹&#39;sribunal</span> 
     </span>
     <span class='ocr_line' id='line_1_10' title="bbox 353 1769 1378 1872; baseline -0.002 -23"><span class='ocrx_word' id='word_1_62' title='bbox 353 1770 593 1872; x_wconf 82' lang='lat' dir='ltr'>inquifitinnin</span> <span class='ocrx_word' id='word_1_63' title='bbox 617 1775 804 1850; x_wconf 87' lang='lat' dir='ltr'>neminem</span> <span class='ocrx_word' id='word_1_64' title='bbox 827 1772 1017 1850; x_wconf 82' lang='lat' dir='ltr'>excruciat</span> <span class='ocrx_word' id='word_1_65' title='bbox 1033 1771 1079 1847; x_wconf 90' lang='lat' dir='ltr'>in</span> <span class='ocrx_word' id='word_1_66' title='bbox 1104 1769 1232 1862; x_wconf 77' lang='lat' dir='ltr'>ltalia,</span> <span class='ocrx_word' id='word_1_67' title='bbox 1257 1771 1321 1848; x_wconf 84' lang='lat' dir='ltr'>nifi</span> <span class='ocrx_word' id='word_1_68' title='bbox 1337 1772 1378 1847; x_wconf 89' lang='lat' dir='ltr'>in-</span> 
     </span>
     <span class='ocr_line' id='line_1_11' title="bbox 353 1892 1378 1995; baseline 0.001 -25"><span class='ocrx_word' id='word_1_69' title='bbox 353 1916 432 1995; x_wconf 84' lang='lat' dir='ltr'>quo</span> <span class='ocrx_word' id='word_1_70' title='bbox 455 1916 585 1993; x_wconf 79' lang='lat' dir='ltr'>aperta</span> <span class='ocrx_word' id='word_1_71' title='bbox 608 1897 651 1971; x_wconf 79' lang='lat' dir='ltr'>fit</span> <span class='ocrx_word' id='word_1_72' title='bbox 675 1894 863 1973; x_wconf 80' lang='lat' dir='ltr'>haereseos</span> <span class='ocrx_word' id='word_1_73' title='bbox 887 1892 1043 1971; x_wconf 86' lang='lat' dir='ltr'>macula.</span> <span class='ocrx_word' id='word_1_74' title='bbox 1095 1898 1200 1972; x_wconf 91' lang='lat' dir='ltr'>ld&amp;</span> <span class='ocrx_word' id='word_1_75' title='bbox 1233 1894 1281 1970; x_wconf 91' lang='lat' dir='ltr'>de</span> <span class='ocrx_word' id='word_1_76' title='bbox 1309 1892 1378 1971; x_wconf 68' lang='lat' dir='ltr'>Cn</span> 
     </span>
     <span class='ocr_line' id='line_1_12' title="bbox 299 2014 1376 2119; baseline -0.004 -26"><span class='ocrx_word' id='word_1_77' title='bbox 299 2016 303 2043; x_wconf 70' lang='lat'><em>²</em></span> <span class='ocrx_word' id='word_1_78' title='bbox 342 2016 530 2114; x_wconf 71' lang='lat' dir='ltr'>stelaetrio</span> <span class='ocrx_word' id='word_1_79' title='bbox 555 2016 687 2093; x_wconf 85' lang='lat' dir='ltr'>statuo.</span> <span class='ocrx_word' id='word_1_80' title='bbox 739 2016 937 2094; x_wconf 63' lang='lat' dir='ltr'>Decetium</span> <span class='ocrx_word' id='word_1_81' title='bbox 963 2019 1098 2119; x_wconf 88' lang='lat' dir='ltr'>quippe</span> <span class='ocrx_word' id='word_1_82' title='bbox 1121 2016 1215 2106; x_wconf 82' lang='lat' dir='ltr'>fuit,</span> <span class='ocrx_word' id='word_1_83' title='bbox 1250 2014 1376 2092; x_wconf 78' lang='lat' dir='ltr'>tradu-</span> 
     </span>
     <span class='ocr_line' id='line_1_13' title="bbox 353 2133 1375 2242; baseline -0.004 -25"><span class='ocrx_word' id='word_1_84' title='bbox 353 2140 441 2217; x_wconf 83' lang='lat' dir='ltr'>xiffe</span> <span class='ocrx_word' id='word_1_85' title='bbox 476 2140 592 2241; x_wconf 88' lang='lat' dir='ltr'>ipsum</span> <span class='ocrx_word' id='word_1_86' title='bbox 627 2140 730 2220; x_wconf 83' lang='lat' dir='ltr'>locos</span> <span class='ocrx_word' id='word_1_87' title='bbox 769 2139 1000 2240; x_wconf 85' lang='lat' dir='ltr'>theologicos</span> <span class='ocrx_word' id='word_1_88' title='bbox 1038 2133 1222 2242; x_wconf 76' lang='lat' dir='ltr'>&#39;praeclari</span> <span class='ocrx_word' id='word_1_89' title='bbox 1262 2138 1375 2217; x_wconf 84' lang='lat' dir='ltr'>nostri</span> 
     </span>
     <span class='ocr_line' id='line_1_14' title="bbox 355 2257 1376 2366; baseline -0.006 -21"><span class='ocrx_word' id='word_1_90' title='bbox 355 2258 656 2357; x_wconf 81' lang='lat' dir='ltr'>Melanehtbnnis,</span> <span class='ocrx_word' id='word_1_91' title='bbox 682 2289 776 2366; x_wconf 86' lang='lat' dir='ltr'><strong>quos</strong></span> <span class='ocrx_word' id='word_1_92' title='bbox 795 2264 865 2337; x_wconf 80' lang='lat' dir='ltr'>sub</span> <span class='ocrx_word' id='word_1_93' title='bbox 889 2261 976 2340; x_wconf 74' lang='lat' dir='ltr'>fino</span> <span class='ocrx_word' id='word_1_94' title='bbox 1001 2262 1151 2349; x_wconf 85' lang='lat' dir='ltr'>nomine</span> <span class='ocrx_word' id='word_1_95' title='bbox 1166 2257 1376 2366; x_wconf 82' lang='lat' dir='ltr'>Hippopbili</span> 
     </span>
    </p>
   </div>
   <div class='ocr_carea' id='block_1_5' title="bbox 182 2384 1377 2513">
    <p class='ocr_par' dir='ltr' id='par_1_6' title="bbox 182 2384 1377 2513">
     <span class='ocr_line' id='line_1_15' title="bbox 182 2384 1377 2513; baseline -0.002 -47"><span class='ocrx_word' id='word_1_96' title='bbox 182 2462 188 2475; x_wconf 83' lang='grc'>,</span> <span class='ocrx_word' id='word_1_97' title='bbox 353 2384 397 2466; x_wconf 81' lang='lat' dir='ltr'>dt</span> <span class='ocrx_word' id='word_1_98' title='bbox 427 2386 652 2513; x_wconf 57' lang='lat' dir='ltr'>Drrnnigra</span> <span class='ocrx_word' id='word_1_99' title='bbox 674 2387 843 2464; x_wconf 87' lang='lat' dir='ltr'>Venetiis</span> <span class='ocrx_word' id='word_1_100' title='bbox 866 2387 1127 2488; x_wconf 84' lang='lat' dir='ltr'>imprimendos</span> <span class='ocrx_word' id='word_1_101' title='bbox 1144 2391 1323 2478; x_wconf 76' lang='lat' dir='ltr'>curauit,</span> <span class='ocrx_word' id='word_1_102' title='bbox 1337 2390 1377 2464; x_wconf 87' lang='lat'>&amp;</span> 
     </span>
    </p>
   </div>
   <div class='ocr_carea' id='block_1_6' title="bbox 354 2508 1380 3599">
    <p class='ocr_par' dir='ltr' id='par_1_7' title="bbox 354 2508 1380 3599">
     <span class='ocr_line' id='line_1_16' title="bbox 358 2508 1376 2614; baseline 0.004 -29"><span class='ocrx_word' id='word_1_103' title='bbox 358 2508 407 2586; x_wconf 83' lang='lat' dir='ltr'>fic</span> <span class='ocrx_word' id='word_1_104' title='bbox 431 2533 501 2613; x_wconf 83' lang='lat' dir='ltr'>per</span> <span class='ocrx_word' id='word_1_105' title='bbox 524 2530 643 2590; x_wconf 88' lang='lat' dir='ltr'>totam</span> <span class='ocrx_word' id='word_1_106' title='bbox 667 2511 809 2588; x_wconf 85' lang='lat' dir='ltr'>Italiam</span> <span class='ocrx_word' id='word_1_107' title='bbox 835 2508 1067 2614; x_wconf 44' lang='lat' dir='ltr'>spariitsvbi</span> <span class='ocrx_word' id='word_1_108' title='bbox 1092 2512 1201 2590; x_wconf 82' lang='lat' dir='ltr'>auide</span> <span class='ocrx_word' id='word_1_109' title='bbox 1226 2509 1311 2588; x_wconf 83' lang='lat' dir='ltr'>sunt</span> <span class='ocrx_word' id='word_1_110' title='bbox 1326 2511 1376 2589; x_wconf 87' lang='lat' dir='ltr'>le-</span> 
     </span>
     <span class='ocr_line' id='line_1_17' title="bbox 354 2622 1376 2727; baseline 0.002 -17"><span class='ocrx_word' id='word_1_111' title='bbox 354 2630 416 2709; x_wconf 70' lang='lat' dir='ltr'>tii.</span> <span class='ocrx_word' id='word_1_112' title='bbox 466 2637 590 2711; x_wconf 84' lang='lat' dir='ltr'>Verus</span> <span class='ocrx_word' id='word_1_113' title='bbox 616 2622 928 2713; x_wconf 71' lang='lat' dir='ltr'>titnl&#39;usv&#39;eriionis</span> <span class='ocrx_word' id='word_1_114' title='bbox 946 2632 1093 2713; x_wconf 81' lang='lat' dir='ltr'>Italicae</span> <span class='ocrx_word' id='word_1_115' title='bbox 1117 2634 1189 2727; x_wconf 80' lang='lat' dir='ltr'>eit3</span> <span class='ocrx_word' id='word_1_116' title='bbox 1208 2632 1247 2713; x_wconf 88' lang='lat' dir='ltr'><em>··J.</em></span> <span class='ocrx_word' id='word_1_117' title='bbox 1264 2633 1376 2712; x_wconf 82' lang='lat' dir='ltr'>Prin·</span> 
     </span>
     <span class='ocr_line' id='line_1_18' title="bbox 354 2752 1376 2865; baseline 0.001 -31"><span class='ocrx_word' id='word_1_118' title='bbox 354 2760 445 2859; x_wconf 66' lang='lat' dir='ltr'>cipit·</span> <span class='ocrx_word' id='word_1_119' title='bbox 469 2757 559 2833; x_wconf 84' lang='lat' dir='ltr'>della</span> <span class='ocrx_word' id='word_1_120' title='bbox 596 2752 781 2862; x_wconf 62' lang='lat' dir='ltr'>Wenlogin</span> <span class='ocrx_word' id='word_1_121' title='bbox 811 2756 853 2835; x_wconf 84' lang='lat' dir='ltr'>de</span> <span class='ocrx_word' id='word_1_122' title='bbox 877 2755 1019 2861; x_wconf 86' lang='lat' dir='ltr'>Ippnfilo</span> <span class='ocrx_word' id='word_1_123' title='bbox 1041 2759 1084 2838; x_wconf 70' lang='lat' dir='ltr'>di</span> <span class='ocrx_word' id='word_1_124' title='bbox 1117 2758 1232 2849; x_wconf 75' lang='lat' dir='ltr'>Terra</span> <span class='ocrx_word' id='word_1_125' title='bbox 1251 2783 1376 2865; x_wconf 85' lang='lat' dir='ltr'>negra.</span> 
     </span>
     <span class='ocr_line' id='line_1_19' title="bbox 359 2876 1378 2987; baseline 0.005 -32"><span class='ocrx_word' id='word_1_126' title='bbox 359 2876 433 2956; x_wconf 83' lang='lat' dir='ltr'>Con</span> <span class='ocrx_word' id='word_1_127' title='bbox 455 2883 586 2985; x_wconf 81' lang='lat' dir='ltr'>gratia</span> <span class='ocrx_word' id='word_1_128' title='bbox 618 2880 666 2960; x_wconf 63' lang='lat' dir='ltr'>iffi</span> <span class='ocrx_word' id='word_1_129' title='bbox 694 2880 907 2983; x_wconf 85' lang='lat' dir='ltr'>Priuilegio.</span> <span class='ocrx_word' id='word_1_130' title='bbox 944 2883 985 2955; x_wconf 91' lang='lat' dir='ltr'>in</span> <span class='ocrx_word' id='word_1_131' title='bbox 1011 2894 1046 2971; x_wconf 70' lang='lat'>8.</span> <span class='ocrx_word' id='word_1_132' title='bbox 1100 2885 1159 2987; x_wconf 83' lang='lat' dir='ltr'>De</span> <span class='ocrx_word' id='word_1_133' title='bbox 1182 2905 1256 2984; x_wconf 88' lang='lat' dir='ltr'>qua</span> <span class='ocrx_word' id='word_1_134' title='bbox 1280 2884 1378 2960; x_wconf 83' lang='lat' dir='ltr'>inter</span> 
     </span>
     <span class='ocr_line' id='line_1_20' title="bbox 357 3000 1379 3105; baseline 0.005 -24"><span class='ocrx_word' id='word_1_135' title='bbox 357 3026 486 3081; x_wconf 85' lang='lat' dir='ltr'>omnes</span> <span class='ocrx_word' id='word_1_136' title='bbox 511 3000 685 3082; x_wconf 82' lang='lat' dir='ltr'>rariffima</span> <span class='ocrx_word' id='word_1_137' title='bbox 717 3007 879 3085; x_wconf 77' lang='lat' dir='ltr'>editione</span> <span class='ocrx_word' id='word_1_138' title='bbox 909 3001 1064 3094; x_wconf 74' lang='lat' dir='ltr'>videns,</span> <span class='ocrx_word' id='word_1_139' title='bbox 1111 3029 1205 3105; x_wconf 87' lang='lat' dir='ltr'>quae</span> <span class='ocrx_word' id='word_1_140' title='bbox 1238 3008 1379 3086; x_wconf 85' lang='lat' dir='ltr'>habent</span> 
     </span>
     <span class='ocr_line' id='line_1_21' title="bbox 357 3122 1378 3220; baseline 0.007 -17"><span class='ocrx_word' id='word_1_141' title='bbox 357 3125 496 3207; x_wconf 85' lang='lat' dir='ltr'>summe</span> <span class='ocrx_word' id='word_1_142' title='bbox 523 3152 648 3203; x_wconf 85' lang='lat' dir='ltr'>vener.</span> <span class='ocrx_word' id='word_1_143' title='bbox 700 3124 945 3206; x_wconf 80' lang='lat' dir='ltr'>Schelbornius</span> <span class='ocrx_word' id='word_1_144' title='bbox 969 3129 1006 3200; x_wconf 90' lang='lat' dir='ltr'>in</span> <span class='ocrx_word' id='word_1_145' title='bbox 1030 3122 1302 3206; x_wconf 83' lang='lat' dir='ltr'>amoenitatibus</span> <span class='ocrx_word' id='word_1_146' title='bbox 1309 3174 1324 3220; x_wconf 86' lang='lat'><em>‚</em></span> <span class='ocrx_word' id='word_1_147' title='bbox 1340 3133 1378 3210; x_wconf 90' lang='lat'>&amp;</span> 
     </span>
     <span class='ocr_line' id='line_1_22' title="bbox 360 3246 1379 3357; baseline 0.001 -30"><span class='ocrx_word' id='word_1_148' title='bbox 360 3246 514 3356; x_wconf 79' lang='lat' dir='ltr'>Vogtius</span> <span class='ocrx_word' id='word_1_149' title='bbox 535 3277 571 3352; x_wconf 92' lang='lat' dir='ltr'>p.</span> <span class='ocrx_word' id='word_1_150' title='bbox 597 3250 685 3347; x_wconf 73' lang='lat'><strong>452⁸·</strong></span> <span class='ocrx_word' id='word_1_151' title='bbox 711 3249 867 3357; x_wconf 84' lang='lat' dir='ltr'>cn&#39;tnlogi</span> <span class='ocrx_word' id='word_1_152' title='bbox 889 3247 1064 3327; x_wconf 74' lang='lat' dir='ltr'>labrorum</span> <span class='ocrx_word' id='word_1_153' title='bbox 1089 3252 1284 3327; x_wconf 78' lang='lat' dir='ltr'>rariomm.</span> <span class='ocrx_word' id='word_1_154' title='bbox 1314 3258 1379 3351; x_wconf 88' lang='lat' dir='ltr'>(o)</span> 
     </span>
     <span class='ocr_line' id='line_1_23' title="bbox 357 3370 1380 3476; baseline 0.001 -25"><span class='ocrx_word' id='word_1_155' title='bbox 357 3372 458 3451; x_wconf 86' lang='lat' dir='ltr'>Cum</span> <span class='ocrx_word' id='word_1_156' title='bbox 484 3373 677 3473; x_wconf 78' lang='lat' dir='ltr'>voluptate</span> <span class='ocrx_word' id='word_1_157' title='bbox 702 3372 785 3451; x_wconf 75' lang='lat' dir='ltr'>leffl</span> <span class='ocrx_word' id='word_1_158' title='bbox 812 3374 892 3449; x_wconf 89' lang='lat' dir='ltr'>sunt</span> <span class='ocrx_word' id='word_1_159' title='bbox 915 3374 955 3449; x_wconf 91' lang='lat' dir='ltr'>hi</span> <span class='ocrx_word' id='word_1_160' title='bbox 978 3372 1052 3469; x_wconf 85' lang='lat' dir='ltr'>lnci</span> <span class='ocrx_word' id='word_1_161' title='bbox 1074 3370 1297 3476; x_wconf 84' lang='lat' dir='ltr'>theologici,</span> <span class='ocrx_word' id='word_1_162' title='bbox 1314 3377 1380 3452; x_wconf 88' lang='lat' dir='ltr'>do·</span> 
     </span>
     <span class='ocr_line' id='line_1_24' title="bbox 358 3496 1380 3599; baseline 0.005 -28"><span class='ocrx_word' id='word_1_163' title='bbox 358 3522 427 3572; x_wconf 91' lang='lat' dir='ltr'>nec</span> <span class='ocrx_word' id='word_1_164' title='bbox 461 3499 609 3573; x_wconf 88' lang='lat' dir='ltr'>tandem</span> <span class='ocrx_word' id='word_1_165' title='bbox 652 3500 802 3599; x_wconf 88' lang='lat' dir='ltr'>quidam</span> <span class='ocrx_word' id='word_1_166' title='bbox 833 3526 856 3578; x_wconf 90' lang='lat' dir='ltr'>e</span> <span class='ocrx_word' id='word_1_167' title='bbox 888 3500 924 3574; x_wconf 88' lang='lat' dir='ltr'>S.</span> <span class='ocrx_word' id='word_1_168' title='bbox 943 3496 1125 3574; x_wconf 81' lang='lat' dir='ltr'>Francisci</span> <span class='ocrx_word' id='word_1_169' title='bbox 1151 3498 1292 3578; x_wconf 84' lang='lat' dir='ltr'>familia</span> <span class='ocrx_word' id='word_1_170' title='bbox 1317 3500 1380 3576; x_wconf 88' lang='lat' dir='ltr'>de·</span> 
     </span>
    </p>
   </div>
   <div class='ocr_carea' id='block_1_7' title="bbox 216 3618 1380 3711">
    <p class='ocr_par' dir='ltr' id='par_1_8' title="bbox 216 3618 1380 3711">
     <span class='ocr_line' id='line_1_25' title="bbox 216 3618 1380 3711; baseline 0.004 -19"><span class='ocrx_word' id='word_1_171' title='bbox 216 3628 222 3647; x_wconf 94' lang='lat'><em>&#39;</em></span> <span class='ocrx_word' id='word_1_172' title='bbox 358 3621 521 3711; x_wconf 80' lang='lat' dir='ltr'>texerit,</span> <span class='ocrx_word' id='word_1_173' title='bbox 573 3619 756 3699; x_wconf 68' lang='lat' dir='ltr'>auctorem</span> <span class='ocrx_word' id='word_1_174' title='bbox 812 3621 883 3699; x_wconf 80' lang='lat' dir='ltr'>eise</span> <span class='ocrx_word' id='word_1_175' title='bbox 927 3620 1089 3699; x_wconf 80' lang='lat' dir='ltr'>nostrum</span> <span class='ocrx_word' id='word_1_176' title='bbox 1136 3618 1380 3700; x_wconf 65' lang='lat' dir='ltr'>inanitio·</span> 
     </span>
    </p>
   </div>
   <div class='ocr_carea' id='block_1_8' title="bbox 358 3743 1381 3923">
    <p class='ocr_par' dir='ltr' id='par_1_9' title="bbox 358 3743 1381 3923">
     <span class='ocr_line' id='line_1_26' title="bbox 358 3743 1381 3923; baseline -0.001 -102"><span class='ocrx_word' id='word_1_177' title='bbox 358 3762 463 3834; x_wconf 77' lang='lat' dir='ltr'>nent,</span> <span class='ocrx_word' id='word_1_178' title='bbox 517 3743 556 3820; x_wconf 88' lang='lat'>&amp;</span> <span class='ocrx_word' id='word_1_179' title='bbox 595 3744 642 3822; x_wconf 78' lang='lat' dir='ltr'>sic</span> <span class='ocrx_word' id='word_1_180' title='bbox 676 3771 698 3823; x_wconf 90' lang='lat' dir='ltr'>a</span> <span class='ocrx_word' id='word_1_181' title='bbox 734 3745 903 3825; x_wconf 88' lang='lat' dir='ltr'>carnifice</span> <span class='ocrx_word' id='word_1_182' title='bbox 951 3744 1098 3849; x_wconf 85' lang='lat' dir='ltr'>publice</span> <span class='ocrx_word' id='word_1_183' title='bbox 1146 3745 1230 3824; x_wconf 90' lang='lat' dir='ltr'>sunt</span> <span class='ocrx_word' id='word_1_184' title='bbox 1275 3771 1381 3923; x_wconf 55' lang='lat' dir='ltr'>cbpnffi</span> 
     </span>
     <span class='ocr_line' id='line_1_27' title="bbox 448 3873 1339 3923; baseline -0.011 10"><span class='ocrx_word' id='word_1_185' title='bbox 448 3888 452 3894; x_wconf 53' lang='lat'><strong><em>⁴</em></strong></span> <span class='ocrx_word' id='word_1_186' title='bbox 1313 3873 1339 3923; x_wconf 94' lang='lat' dir='ltr'><strong>u</strong></span> 
     </span>
    </p>
   </div>
   <div class='ocr_carea' id='block_1_9' title="bbox 367 4018 1380 4217">
    <p class='ocr_par' dir='ltr' id='par_1_10' title="bbox 367 4018 1380 4217">
     <span class='ocr_line' id='line_1_28' title="bbox 367 4018 1380 4102; baseline 0.004 -22"><span class='ocrx_word' id='word_1_187' title='bbox 367 4018 370 4023; x_wconf 87' lang='grc'><strong>’</strong></span> <span class='ocrx_word' id='word_1_188' title='bbox 399 4018 441 4102; x_wconf 85' lang='lat' dir='ltr'>(o)</span> <span class='ocrx_word' id='word_1_189' title='bbox 457 4019 787 4098; x_wconf 84' lang='lat' dir='ltr'>Inprimisvero&amp;nnte</span> <span class='ocrx_word' id='word_1_190' title='bbox 800 4044 902 4088; x_wconf 86' lang='lat' dir='ltr'>omnes</span> <span class='ocrx_word' id='word_1_191' title='bbox 917 4028 979 4092; x_wconf 83' lang='lat' dir='ltr'>Cei.</span> <span class='ocrx_word' id='word_1_192' title='bbox 994 4042 1074 4099; x_wconf 76' lang='lat' dir='ltr'>lnc.</span> <span class='ocrx_word' id='word_1_193' title='bbox 1087 4023 1294 4092; x_wconf 71' lang='lat' dir='ltr'>anmin</span> <span class='ocrx_word' id='word_1_194' title='bbox 1308 4043 1380 4085; x_wconf 83' lang='lat' dir='ltr'>nov.</span> 
     </span>
     <span class='ocr_line' id='line_1_29' title="bbox 436 4118 1380 4217; baseline 0.003 -30"><span class='ocrx_word' id='word_1_195' title='bbox 436 4120 560 4191; x_wconf 61' lang='lat' dir='ltr'>Minu.</span> <span class='ocrx_word' id='word_1_196' title='bbox 571 4118 708 4205; x_wconf 81' lang='lat' dir='ltr'>Lipiiens.</span> <span class='ocrx_word' id='word_1_197' title='bbox 722 4126 762 4190; x_wconf 85' lang='lat' dir='ltr'>T.</span> <span class='ocrx_word' id='word_1_198' title='bbox 777 4129 798 4192; x_wconf 88' lang='lat'>1.</span> <span class='ocrx_word' id='word_1_199' title='bbox 805 4149 836 4210; x_wconf 89' lang='lat' dir='ltr'>p.</span> <span class='ocrx_word' id='word_1_200' title='bbox 844 4130 913 4205; x_wconf 80' lang='lat'><strong>628.</strong></span> <span class='ocrx_word' id='word_1_201' title='bbox 924 4128 987 4215; x_wconf 85' lang='lat' dir='ltr'>sqq.</span> <span class='ocrx_word' id='word_1_202' title='bbox 993 4134 1041 4198; x_wconf 87' lang='lat' dir='ltr'>hic</span> <span class='ocrx_word' id='word_1_203' title='bbox 1048 4129 1258 4217; x_wconf 67' lang='lat' dir='ltr'>incunctantius</span> <span class='ocrx_word' id='word_1_204' title='bbox 1271 4127 1325 4193; x_wconf 80' lang='lat' dir='ltr'>est.</span> <span class='ocrx_word' id='word_1_205' title='bbox 1345 4128 1380 4194; x_wconf 74' lang='lat' dir='ltr'>C·</span> 
     </span>
    </p>
   </div>
   <div class='ocr_carea' id='block_1_10' title="bbox 0 0 1546 5142">
    <p class='ocr_par' dir='ltr' id='par_1_11' title="bbox 0 0 1546 5142">
     <span class='ocr_line' id='line_1_30' title="bbox 0 0 1546 5142; baseline 0 0"><span class='ocrx_word' id='word_1_206' title='bbox 0 0 1546 5142; x_wconf 95' lang='lat' dir='ltr'> </span> 
     </span>
    </p>
   </div>
  </div>
 </body>
</html>
