3059 5142
545 566 767 685 Sapimtiae
794 558 952 653 morbis.
1179 574 1259 702 143
1340 626 1342 633 -

248 785 319 866 gor
344 760 504 840 obsoleti
527 762 568 843 δε
591 727 735 839 tantum
762 760 877 849 abest,
902 758 1151 853 vtexradiis,
1170 785 1266 866 quor
1338 772 1345 801 ·'

249 887 316 964 Sol
340 887 494 964 iustitiae
517 887 685 964 uniuerso
709 887 789 962 orbi
807 904 984 960 terrarum
1000 905 1148 962 exortus
1166 888 1267 968 latis·

250 1011 338 1086 fitne
364 1011 520 1115 spargit,
567 1014 689 1113 ignem
722 1006 880 1108 aliquem
913 1008 1078 1083 diuinum¹
1103 1008 1268 1092 flanime-
1355 1020 1357 1031 '

249 1158 410 1234 rumque
442 1136 580 1236 aliquid
610 1131 838 1231 concipiant,
875 1151 938 1220 vt,
976 1155 1050 1232 quo
1082 1131 1269 1228 efficacius
1397 1220 1399 1228 ,

252 1257 380 1333 diuina
405 1256 592 1358 Euangelii
616 1255 700 1330 luce
722 1252 988 1354 percelluntur,
1021 1244 1126 1334 tanto
1151 1263 1270 1361 magis

252 1381 481 1481 obrigescere
506 1380 712 1468 videantur.
765 1375 804 1451 Ο
826 1400 939 1452 vanas
961 1379 1154 1474 hominurn
1167 1407 1272 1465 men·

254 1525 314 1580 res
338 1505 382 1579 8(-
400 1501 604 1580 coelestium
630 1502 771 1579 inanes!
794 1499 1037 1603 Terrenorum
1059 1528 1182 1581 rerum
1206 1490 1274 1584 cu.

254 1629 308 1703 ris
334 1629 387 1701 ita
423 1623 593 1702 immersa
623 1621 674 1699 est
706 1604 838 1723 magna
860 1649 943 1723 pars
967 1617 1197 1721 mortalium,
1227 1648 1293 1731 ve„

258 1751 428 1827 animum
458 1772 609 1836 eorum,
649 1743 827 1822 vitiorum
867 1746 1027 1826 sordibus
1064 1744 1280 1850 ortelium,

260 1873 354 1950 seria
377 1895 501 1948 rerum
534 1871 738 1945 diuinarum
764 1870 939 1968 cogitatio
963 1871 1079 1952 subire
1110 1877 1175 1951 vix
1198 1871 1280 1955 olla
1307 1892 1309 1899 '

260 1992 390 2098 polfit..
433 2001 467 2069 Is
492 1991 543 2069 est
567 1993 666 2068 haud
692 2014 913 2092 paucorum,
937 2017 1057 2097 neque
1078 2016 1127 2074 'ex
1151 1995 1280 2076 infima

264 2128 414 2207 tantum
438 2117 630 2192 hominum
655 2111 776 2204 saeco,
801 2113 943 2218 stupor,
970 2140 1014 2191 ea
1037 2121 1199 2213 ruditas,
1232 2139 1282 2204 vt
1383 2174 1386 2187 .

266 2244 334 2322 vix
359 2263 471 2317 voces
497 2239 535 2313 &
564 2236 737 2340 syllabas,
775 2239 906 2336 quibus
936 2237 1175 2338 augustiffunr
1197 2230 1285 2323 reli·¹
1391 2266 1398 2290 ³

268 2366 391 2469 gionis
416 2360 557 2436 nostrae
588 2358 756 2458 mysteria
780 2357 900 2452 efferri
926 2358 1067 2452 solent,
1105 2360 1285 2444 memoria
1318 2444 1323 2483 ι

271 2505 425 2564 teneant
432 2533 445 2573 ,
469 2481 713 2558 desirinarurn
728 2480 883 2584 ipsarum
906 2481 1202 2566 diuinisiimarum
1219 2508 1289 2570 ven·
1366 2530 1368 2537 ·
1404 2516 1407 2520 ·

272 2635 355 2690 tam
378 2606 560 2695 indolem,
597 2605 636 2680 δι
659 2607 736 2681 vim
759 2602 991 2706 fruslumque
1024 2611 1287 2714 incomparabi·
1390 2602 1400 2613 ’

275 2735 372 2821 lem,
416 2729 599 2832 ipsamque
622 2750 745 2805 rerum
775 2729 997 2810 maiestatem
1019 2756 1089 2810 nec
1113 2736 1183 2813 rite
1207 2763 1292 2842 per.

278 2857 444 2956 ceperint
466 2877 535 2928 nec
557 2853 618 2953 pie
639 2853 805 2930 meditati
836 2854 903 2930 sot
932 2877 1106 2952 unquam.
1157 2862 1293 2958 Neque
1385 2894 1409 2901 -

279 3004 375 3055 vero
401 2977 449 3054 eri
473 2977 616 3077 stupore
640 2996 786 3050 tanturn
823 2977 862 3052 &
892 2999 1088 3077 prunarum
1113 2983 1295 3082 cupidita·
1373 3027 1375 3029 -

282 3122 367 3178 turn
391 3101 513 3178 furore
538 3100 598 3176 illa
629 3103 830 3176 animarum
859 3100 1036 3201 pernicies
1065 3105 1189 3195 venit3
1233 3103 1299 3195 sed
1386 3158 1389 3170 ,

284 3227 435 3327 quidam
460 3229 583 3320 etiarn
596 3223 666 3316 est,
691 3244 735 3300 vt
760 3222 895 3298 Plinius
909 3221 1094 3324 appellat,
1119 3221 1179 3321 (b)
1194 3224 1300 3328 firpi.

286 3351 404 3425 entiae
435 3344 592 3437 morbus,
630 3371 705 3439 non
734 3347 854 3422 minus
887 3345 1043 3424 exitialis
1074 3345 1137 3423 ille
1167 3347 1301 3427 animis
1382 3327 1389 3391 3

287 3473 483 3550 huminum
508 3489 619 3570 atque
643 3469 756 3548 saluti.

212 3696 214 3701 Ι
395 3591 675 3678 Modestiffimus
700 3585 965 3686 Melancbtlon,
988 3615 1185 3698 rerumque
1207 3619 1304 3700 quoe
1352 3597 1358 3643 ³

290 3720 334 3795 in
362 3719 452 3792 orbe
476 3717 620 3794 erudito
654 3738 735 3794 tum
759 3720 998 3819 gerebantur,
1037 3711 1308 3810 scientissimus,

294 3841 360 3920 sira
384 3843 458 3917 iam
482 3862 603 3922 aetate
627 3840 683 3939 (c)
706 3840 923 3942 conquestus
945 3841 1016 3934 est,
1041 3843 1160 3924 multo
1185 3841 1330 3945 plures

1209 3966 1288 4019 ee

334 4062 384 4144 (l)
396 4063 456 4125 vid.
466 4063 497 4126 8.
505 4064 919 4149 Ven.rrrrsrrvindicm
929 4065 1163 4129 Arbiuiidrulni.
1170 4080 1237 4145 μς,
1248 3985 1314 4143 sqq,-
1406 4155 1409 4159 y

304 4231 307 4234 ,
337 4163 396 4248 (ε)
414 4166 453 4230 ro
467 4165 640 4249 upnouro
654 4166 703 4246 10.
717 4165 996 4333 oeoeqmpanum,
1015 4163 1315 4271 recum-nomm.

734 4318 737 4327 ,
860 4274 887 4332 ³
