3059 5142
263 700 266 705 .
346 608 518 725 imperio
536 610 818 697 inactuosum
831 606 1071 743 voluntario.
1132 636 1212 733 ¹33
1248 668 1299 737 .··‘

196 804 281 883 vita
300 803 496 907 .longaeua
520 800 711 883 viteriores
737 803 855 881 Vobis
881 803 1049 911 infundat
1069 806 1108 891 &
1126 832 1215 886 con.
1291 808 1295 824 “
1330 838 1336 846 -

196 928 322 1004 seruet
345 932 444 1005 vires
450 977 465 1018 ,
501 931 631 1029 quibus
663 929 785 1003 adhuc
814 924 1071 1027 amplissimum
1101 929 1216 1007 scien·

197 1055 336 1128 riarum
362 1062 533 1154 campum
561 1071 777 1127 tantorum
804 1046 962 1127 sucoeffu
989 1051 1152 1143 arastis,'
1173 1074 1218 1133 vt
1341 1042 1347 1055 ¹

195 1175 247 1251 sic
271 1176 384 1251 etiam
410 1200 519 1276 porro
544 1175 749 1276 profundae
776 1171 923 1250 Vestrae
959 1177 1218 1254 meditationes

192 1300 241 1374 ἀ
274 1300 311 1372 in
342 1301 471 1375 orbem
510 1298 697 1373 literatum
737 1298 972 1373 &Patriam
1011 1301 1218 1377 vberrimos
1274 1314 1280 1323 '

195 1422 375 1496 emittant
400 1418 558 1512 frui’rus,
580 1420 688 1496 nouis
713 1417 851 1497 fertiles
878 1422 1070 1499 seminibus
1085 1420 1219 1499 domi·

195 1569 353 1635 narum,
394 1568 489 1646 quae
504 1548 586 1621 Deo
600 1544 791 1645 placeant,
818 1546 857 1620 &
875 1542 1102 1621 Se'reniffimo
1111 1546 1218 1621 Prin·

196 1668 296 1767 cipi,
325 1691 493 1768 quaeque
517 1669 556 1742 in
580 1668 695 1744 totius
719 1668 881 1757 Patriae,
919 1664 1221 1770 singui'orumque

200 1791 364 1879 ciuium,
386 1792 501 1869 immo
522 1814 614 1867 vero
638 1791 753 1867 totius
780 1792 894 1869 Orbis
909 1793 1106 1869 commoda
1121 1789 1220 1879 'radi-
1341 1832 1345 1847 ·

197 1938 270 1997 ees¹
291 1932 404 2015 agant
425 1911 533 1987 nullis
559 1913 761 1990 ‘iaedendas
801 1916 961 2011 iniuriis,
997 1914 1100 1991 nulla
1133 1941 1220 1991 con·

199 2037 393 2112 sumendas
419 2036 482 2112 vei
506 2058 717 2138 temporum
741 2041 937 2141 aerugine,
961 2037 1021 2115 vei
1048 2038 1221 2116 falsorum

199 2164 421 2263 dogmatum
442 2161 594 2261 putrido
621 2161 907 2260 corrumpendas
931 2162 1140 2237 miasmate.

306 2375 365 2452 O!
390 2400 502 2475 quam
528 2374 625 2451 laete
640 2373 686 2449 sic
700 2371 846 2452 florebit
870 2373 1111 2477 antiquiilima
1128 2376 1249 2481 haee
1349 2402 1351 2409 ·

201 2501 468 2580 Eberhardinai
502 2491 617 2598 quam
640 2522 794 2573 amoeno
820 2495 1024 2599 spetaculo
1048 2501 1245 2576 vitebunt'

200 2644 302 2699 artes
330 2625 368 2697 &
395 2623 562 2701 scientiae
595 2622 745 2723 omnesi
785 2647 895 2721 quam
926 2625 1020 2699 bene
1049 2622 1223 2698 omnibus

197 2748 292 2834 erit,
322 2747 384 2845 qui
409 2771 560 2847 operam
587 2746 658 2821 illis
673 2748 833 2820 nauant!
859 2771 971 2849 qnam
985 2745 1091 2821 hilari
1114 2742 1223 2822 obui-

200 2894 267 2944 am
291 2870 358 2942 ibit
384 2869 475 2945 alter
501 2870 604 2945 alteri
629 2867 758 2956 vultu,
799 2873 885 2944 eum
906 2891 1062 2970 vterque
1088 2868 1222 2942 beatis·
1342 2902 1345 2909 ·

201 2991 313 3067 fimae
347 2991 407 3065 sub
442 2993 498 3066 his
525 2970 793 3066 conditionibus
825 2994 926 3067 vitae
949 2994 987 3067 in
1010 2993 1130 3076 fronte
1166 2989 1223 3090 ju·
1307 2982 1309 2989 ’

195 3118 300 3219 ,ςίῑετ
327 3117 513 3218 explicata
543 3115 675 3193 offeret
700 3113 965 3197 testimoniumi
1011 3211 1014 3216 ,
1150 3107 1152 3111 ’
