3059 5142
252 691 259 701 .
379 613 686 731 Numophylarii
707 616 1034 729 Wrteaah'ergici.
1152 648 1202 712 11

184 810 223 885 dc
250 808 468 911 colligendis
496 788 678 887 eiusrnodi
704 813 823 916 gazis,
852 793 1092 889 honestiffima
1119 840 1206 890 curn

132 974 135 1021 ι
180 934 408 1034 voluptate,
442 933 701 1010 deleiiabatur.
763 937 867 1010 Anno
898 949 1001 1029 1669.
1031 940 1086 1011 uti
1111 939 1208 1038 post·

181 1059 280 1133 haec
309 1059 474 1142 docebo,
520 1058 732 1133 versabatur
757 1060 794 1132 in
821 1061 876 1133 his
905 1061 1114 1161 regionibus
1148 1058 1207 1134 lit·

180 1176 422 1256 teratissimus
450 1179 510 1254 ille
536 1180 709 1267 Patinas,
742 1207 841 1282 quo,
877 1203 923 1261 vt
948 1183 1019 1283 ipse
1045 1200 1206 1259 comme·

179 1327 311 1381 morat
349 1301 498 1379 audiore
522 1302 607 1379 usus
641 1307 692 1382 est
725 1307 897 1406 Princeps
925 1309 1121 1405 optimus,
1170 1307 1208 1381 in

182 1429 418 1515 ordinindo,
445 1450 555 1526 quem
573 1421 794 1535 collegerat,
822 1430 1057 1527 antiquorum
1071 1431 1207 1504 mimis·
1351 1502 1353 1511 ,

181 1575 333 1630 matum
365 1550 548 1629 thesauro.
574 1618 577 1623 .
602 1552 637 1626 Is
663 1572 780 1643 vero,
829 1551 909 1653 post
943 1571 1101 1626 mortem
1129 1557 1206 1627 Ser.

181 1676 393 1775 Principis,
438 1674 486 1747 ad
515 1671 630 1748 filium
656 1694 747 1751 natu
774 1677 977 1765 maiorem,
1027 1678 1103 1750 Ser.
1131 1678 1230 1761 Du„

182 1800 615 1896 cem-‚rntorrucuu
646 1796 960 1888 Avovsrvru,
1009 1798 1173 1874 tranauit
1193 1822 1212 1887 3-
1301 1876 1305 1893 ,

180 1947 414 2024 quem-cum
440 1922 519 1999 aliis
544 1918 730 1999 virtutum
756 1913 957 2012 laudibus,
992 1924 1031 1998 &
1057 1920 1208 1995 ssmilem
1265 1920 1270 1929 '
1354 1928 1358 1933 '

180 2047 395 2123 litterarum
422 2060 589 2120 amorem·
624 2027 868 2122 haereditatio
895 2042 992 2146 quali
1031 2041 1208 2146 accepisse

181 2169 329 2273 constat
353 2169 446 2267 jure.
481 2163 615 2245 'Auxit
640 2161 702 2245 ille
727 2184 803 2244 nort
828 2172 941 2244 modo
967 2168 1177 2244 thesaurum
1194 2158 1212 2255 ,¹

143 2324 152 2377 t
182 2291 350 2368 collebiis
377 2296 512 2394 magno
548 2283 665 2371 studio
692 2292 841 2382 numiS‚
878 2293 939 2366 sed
972 2293 1085 2367 etiarn
1110 2291 1209 2391 typis
1353 2362 1362 2384 ,

182 2419 348 2492 eundem
377 2411 527 2491 describi
544 2412 595 2489 est
620 2402 752 2515 pasius,
802 2407 975 2508 Meminit
1001 2413 1210 2514 descriptio

183 2540 242 2614 nis
262 2538 377 2614 huius
398 2526 604 2636 Polyhistor
630 2530 853 2613 Germaniae
869 2535 1056 2612 Celeberr.
1076 2531 1227 2615 LAIb.¹
1344 2516 1351 2523 ’

181 2659 402 2750 Fabricius,
444 2653 481 2735 in
506 2654 738 2736 Bibliotheca
763 2663 944 2739 Numaria
974 2658 1056 2736 Cel.
1071 2660 1211 2756 Ansel·
1350 2644 1353 2652 ⁴

178 2789 234 2861 mi
255 2781 480 2874 Barzaura,
501 2784 597 2858 curis
625 2776 717 2874 suls,
751 2788 862 2860 Anno
891 2766 1210 2879 1719.Harnbur·

182 2912 219 3010 gi
245 2909 399 2998 recusa,
441 2924 476 3010 p.
505 2932 591 3005 234.
619 2896 851 3007 sequentibus
874 2909 1021 2984 verbis:
1053 2909 1212 2999 „Mere-
1326 2904 1328 2931 '

183 3030 243 3109 bat
269 3037 383 3108 etiam
408 3034 448 3105 ia
472 3016 536 3107 bac
559 3026 778 3139 Bibliotheca
803 3036 995 3106 memorari
1023 3031 1211 3107 Cimoliar·
1238 3030 1248 3049 ''

183 3154 303 3232 chium
318 3155 396 3250 stae
422 3138 600 3259 tbestaaras
625 3179 810 3231 namoram
827 3159 1055 3258 antiquorum
1072 3155 1118 3235 ΕΓ
1138 3181 1211 3231 mo·
1357 3184 1360 3191 ’

184 3278 379 3356 dernoram
419 3272 662 3362 FRIDERICI
695 3266 922 3355 AVGVSTI
957 3277 1072 3355 Ducis
1100 3279 1217 3380 Wir-,
1371 3338 1373 3345 .

184 3401 371 3507 teutberga
385 3400 453 3511 rel(
467 3401 560 3506 qaod
570 3407 709 3504 prostat
731 3403 917 3498 Neostadii
938 3402 986 3479 ad
1002 3399 1210 3491 Gothorum.
1337 3453 1346 3469 =

184 3524 379 3635 Stutgard.
411 3547 517 3622 1710.
535 3524 610 3620 fol.
628 3545 714 3632 pag.
747 3551 868 3624 1390,
923 3510 1048 3628 Qrarn
1071 3529 1213 3628 impen·
1247 3617 1254 3633 „
1375 3569 1382 3583 -

184 3652 218 3726 se
238 3651 377 3726 amarit
392 3649 533 3738 litteras
545 3651 583 3726 dc
601 3651 830 3750 antiquitatis
848 3655 942 3729 haec
951 3673 1213 3741 monumenta,
1304 3722 1306 3727 .
1346 3686 1348 3693 ·

185 3776 334 3863 exiis,
372 3797 467 3874 quae
493 3798 581 3849 mox
609 3775 832 3873 subjiciam,
874 3777 945 3850 erit
970 3775 1212 3851 manifestum.

184 3900 314 3976 Edidit
338 3902 448 3974 Anno
480 3909 587 3995 1671.
616 3894 952 3999 praestantissimum
980 3900 1026 3975 de
1047 3891 1213 3998 antiquis

186 4024 314 4098 numis
339 4046 434 4120 opus
462 4021 610 4098 Carolus
635 4019 773 4112 Potin,
802 4024 1032 4124 inscriptum:
1058 4024 1214 4123 Impera·
1353 4067 1355 4073 -

189 4160 313 4222 torum
338 4134 577 4221 Romanorum
603 4142 858 4236 alamannia,
879 4210 882 4218 .
901 4175 946 4223 ex
978 4174 1058 4223 aere
1082 4143 1214 4222 naediae
1335 4190 1338 4193 κ
1380 4190 1382 4195 .

1133 4268 1216 4350 ..θ’
