3059 5142
405 586 451 671 de
472 581 1054 701 LupodunoAiomannorum.
1148 526 1245 709 325·
1330 522 1335 529 -

203 788 311 871 eum,
352 799 398 857 vt
427 780 519 857 aiios
548 781 722 861 horridae
749 782 907 885 regionis
932 802 1081 859 montes
1113 806 1230 884 pecu.

199 905 281 985 llari
299 904 449 981 nomine
471 904 572 981 haud
591 903 827 997 distinxisset,
852 904 916 982 vel
931 904 955 981 si
971 906 1221 1007 Lupodunum

200 1027 360 1123 nobilius
382 1024 511 1105 iidiset'
527 1050 572 1130 ac
598 1031 745 1122 notius,
767 1029 881 1107 'certe
903 1047 1104 1130 utrumque
1134 1053 1225 1127 coo·

199 1150 392 1243 iunxisset,
425 1176 547 1254 neque
583 1152 696 1228 etiam
726 1152 864 1259 ueritas
893 1148 1064 1230 historiae
1086 1134 1222 1245 Poetae
1279 1198 1281 1202 ·

200 1275 417 1368 obstitiilet,
453 1300 569 1379 quum
588 1272 771 1377 supravel
791 1275 890 1377 vltra
913 1271 1124 1354 Solicomno
1147 1280 1218 1353 iam

199 1419 287 1477 ante
310 1422 472 1501 pugnam
503 1398 627 1473 sinon
650 1397 768 1507 coolli
796 1420 897 1477 certe
925 1397 1060 1501 sponte·
1075 1400 1220 1479 secoffe·
1333 1380 1335 1387 ¹

193 1524 273 1601 rint
287 1524 536 1631 Alamanni3)
568 1521 613 1611 fi,
644 1520 817 1623 inquam,
841 1525 933 1600 hacc
948 1526 1072 1605 omnia
1087 1526 1124 1599 in
1134 1546 1218 1607 tuto
1277 1597 1281 1604 .

195 1646 293 1725 suint
318 1650 358 1727 δι
384 1666 487 1725 extra
505 1645 742 1723 dubitationis
765 1646 972 1749 periculum
995 1646 1131 1749 posita,
1164 1652 1216 1728 ia·-

171 1766 175 1776 '
194 1790 299 1863 teor,
331 1772 498 1848 Rhenani
526 1793 571 1846 ac
591 1769 755 1870 plurium
779 1772 970 1850 iuniorum
1000 1771 1245 1873 sententiam

191 1896 457 1973 maiorcmucri
466 1893 620 1995 speciem
628 1895 1128 1997 habere,quamFrcheriana
1141 1898 1216 1974 scn-
1350 1886 1366 1919 ‘

190 2019 309 2096 tentia
321 2019 445 2095 habet.
480 2016 664 2092 Vltimum
681 2041 829 2121 quoque
844 2039 1073 2096 momentum
1090 2043 1143 2093 nr.
1163 2020 1214 2094 V.
1310 2092 1312 2096 ,
1331 2066 1336 2081 1

190 2142 493 2242 nimiumvrgere
507 2160 702 2241 propterea
718 2139 853 2230 nolim,
882 2128 989 2243 quia,
1004 2130 1028 2217 si
1044 2142 1083 2219 ἀ
1099 2132 1215 2219 Poeta

174 2264 389 2355 'solicomno
406 2261 607 2368 scripfiffet‚
638 2260 747 2364 plane
769 2263 860 2339 nihil
878 2264 925 2373 de
939 2267 1148 2368 Lupoduno
1166 2282 1221 2343 ez·

187 2390 408 2490 antiquitate
417 2385 616 2475 constaret,
636 2385 804 2487 adeoque
813 2387 945 2466 totalis
954 2388 1122 2489 dcnihilo
1131 2406 1213 2466 mo·
1258 2442 1260 2446 -

183 2531 349 2590 veretur.
404 2514 580 2609 Quatuor
593 2508 727 2610 igitur,
752 2532 847 2608 quae
862 2513 981 2610 primo
992 2510 1075 2588 loco
1092 2514 1211 2588 nomi·
1352 2610 1354 2615 Ι

183 2637 286 2727 naui,
302 2631 526 2725 momentafi
544 2630 715 2732 expedita
730 2653 775 2707 ac
792 2631 969 2727 historicis¹
984 2637 1209 2736 argumentis
1288 2676 1291 2683 ·

183 2757 331 2834 suffulta
353 2756 496 2845 forent,
529 2773 700 2830 veterum
724 2755 974 2858 Lupodunum
997 2760 1034 2834 in
1059 2759 1207 2839 castello
1341 2779 1359 2855 .'

182 2879 295 2983 Lopf
319 2879 509 2959 certiffime
538 2875 659 2955 fuiilet
686 2878 895 2979 restitutum
924 2904 979 2959 ac
997 2881 1204 2981 inuentum.
1346 2944 1348 2949 .

181 3006 246 3084 Sin
260 3028 351 3082 vero
367 3004 437 3080 alia
451 3021 668 3105 argumenta
689 3001 863 3080 Thefibus
881 3004 924 3081 ἃ
939 2982 1216 3104 quaestionibus¹

181 3124 375 3231 propofitis
397 3124 630 3203 instruientia
647 3125 816 3227 exputari
838 3121 972 3226 poilint
994 3128 1116 3220 nulla,
1145 3155 1204 3209 ro·
1306 3127 1309 3135 '

182 3252 253 3327 bur
276 3271 399 3328 tamen
431 3248 579 3351 aliquod
594 3242 756 3327 Rhenani
780 3246 979 3327 sententiae
1006 3253 1179 3333 accedere

178 3398 337 3478 eamque
352 3370 578 3481 probabilem
596 3372 773 3453 hodienus
789 3370 858 3450 esse
872 3366 1110 3479 crediderim,
1136 3377 1202 3455 do·

175 3522 249 3578 nec
277 3523 376 3576 noua
410 3497 450 3574 δι
479 3488 633 3574 fortiora
667 3520 736 3600 pro
764 3492 940 3575 alterutra
968 3500 1075 3600 par‘te
1105 3480 1214 3593 iuib'·¹

132 3640 139 3653 “
225 3624 344 3703 tantia
368 3641 586 3725 argumenta
611 3619 673 3698 vel
693 3619 826 3698 tollant
853 3620 1150 3721 probabilitatem
1305 3600 1309 3609 ⁶

291 3747 354 3827 vel
368 3765 528 3852 augeant
544 3758 588 3820 a'c
607 3746 647 3821 io
668 3742 877 3821 historicam
892 3742 1084 3825 ordiam
1161 3752 1171 3805 ἵ
1224 3803 1230 3813 .

522 3884 608 3946 nem
622 3885 870 3949 commutent.

626 4025 736 4173 ὦ

652 4243 685 4316 Υ
711 4264 737 4339 4
837 4200 840 4205 >
1024 4196 1190 4338 Elogium
