3059 5142
343 624 431 707 410
557 590 779 681 notationes
796 578 856 687 'ii
874 584 1168 709 Observationes

343 816 387 869 ex
408 790 502 866 libro
528 785 678 877 euceri,
704 788 767 861 cui
789 786 938 874 titulus,
967 788 1108 886 Scripta
1132 787 1207 863 duo
1232 784 1365 862 aduer-

342 916 429 991 sario
454 912 600 987 Latomi
625 911 699 985 dte.
725 911 763 983 in
785 932 866 1011 cap.
895 911 940 985 de
955 907 1129 985 Ecclefiae
1145 910 1364 1001 autoritate,

341 1064 425 1141 pag.
457 1058 539 1129 159.
587 1034 773 1133 Quintum
798 1032 923 1108 locum
945 1052 1106 1132 occupat
1131 1053 1366 1132 excerptum,

342 1188 388 1242 ex
435 1157 586 1261 prolixis
635 1148 853 1256 quibusdam
895 1155 1010 1231 literis
1056 1156 1106 1230 D.
1151 1154 1368 1261 Wolfgongi

341 1278 517 1387 Mustuli,
544 1283 582 1355 in
606 1276 770 1354 Bemenfi
796 1278 948 1356 Ecclesia
973 1276 1102 1353 Theol.
1130 1277 1368 1369 Professoris,

344 1410 390 1486 nd
416 1405 608 1483 Polonicas
635 1400 806 1478 Ecclefias
833 1401 991 1503 scriptis,
1019 1401 1139 1478 mense
1157 1403 1365 1480 Februario.

346 1541 454 1627 1556.
502 1526 677 1627 Sequitur
709 1525 842 1600 deinde
871 1524 935 1600 fol.
974 1548 1004 1600 1.
1035 1518 1219 1601 Praefotio
1255 1526 1370 1601 Mini-

326 1657 528 1740 ··sttorum,
570 1648 746 1726 Ecclefiae
771 1650 1029 1737 Picardorum‚
1063 1669 1107 1723 vt
1130 1668 1290 1737 vocant,
1331 1650 1370 1725 in

342 1775 547 1856 Bohoemia
570 1774 609 1849 &
633 1774 821 1861 Morauia,
848 1752 886 1846 in
910 1768 1181 1855 Confeffionem¹
1204 1772 1289 1848 suae
1314 1774 1371 1846 Fi-

345 1903 427 1991 doi,
450 1922 582 1998 noque
607 1896 655 1972 ad
680 1893 743 1971 fol.
777 1916 833 1988 15.
891 1894 989 1968 Tum
1032 1895 1146 1995 pofita
1185 1896 1370 2005 praebitio

342 2030 529 2103 Beronum
555 2021 595 2094 dt
621 2016 813 2094 Nobilium
833 2016 1013 2093 Ecclesiae
1037 2017 1298 2110 Picardorum‚
1325 2038 1371 2095 vt

342 2142 502 2234 vocant3
520 2142 837 2217 consentientium.
892 2140 965 2215 Fol.
991 2165 1047 2239 ¹7·
1062 2142 1259 2219 Articulis.
1288 2144 1373 2218 the·

343 2291 447 2349 mata
471 2262 697 2343 confeffionis
723 2254 931 2339 referuntur
938 2314 951 2351 ‚
968 2288 1121 2342 numero
1135 2268 1268 2367 viginti
1279 2316 1292 2356 ‚
1321 2268 1375 2341 se·

346 2412 483 2497 quente
500 2414 537 2492 p.
552 2386 808 2465 versaillonrm
823 2387 1046 2486 expofitione
1057 2391 1264 2490 prolixiore.
1293 2389 1370 2466 Fol.

346 2518 497 2595 tandem
508 2511 767 2609 50.Conclufio
777 2508 1086 2611 subiundla,quam
1095 2515 1207 2589 verba
1217 2512 1377 2614 sequun-¹

346 2662 429 2731 tur,
447 2634 619 2714 Prouerb.
629 2638 710 2708 XX.
730 2635 1196 2723 „Misericordianrveritas
1213 2637 1373 2712 custodi·

346 2786 416 2840 unt
425 2766 583 2860 Regem,
600 2759 638 2831 dr
649 2746 844 2832 roboratur
854 2754 1048 2833 clementia
1063 2762 1219 2836 thronus
1236 2763 1331 2836 eius.
1342 2809 1371 2851 ,‚

346 2885 531 2967 Praefatio
575 2881 680 2981 supra
721 2894 1028 2971 commemorata,
1072 2868 1147 2983 qu.
1188 2908 1374 2984 concepta

347 3010 490 3088 verbisr
516 3006 753 3106 „Vergerius
780 3000 935 3078 tenori.
989 3009 1076 3104 Qra
1109 3007 1254 3082 ratione
1281 3032 1373 3107 quo·

348 3130 566 3211 vo-confilio
593 3130 742 3216 dunos,
774 3129 870 3202 hanc
895 3151 964 3229 ego
991 3129 1279 3219 Vualdensrum‚
1308 3153 1375 3209 aut

348 3257 587 3335 Picardorum
613 3256 724 3355 (quos
755 3255 913 3345 vocant)
947 3252 1177 3328 Christianae
1210 3253 1375 3355 Religio·

348 3383 408 3456 nio
434 3371 713 3465 concitionem,
738 3397 812 3449 non
835 3377 887 3451 ita
904 3375 1029 3451 multis
1046 3374 1219 3451 haetenus
1246 3382 1374 3477 cogni·

349 3522 428 3580 tam
460 3497 657 3590 ediderim,
695 3501 732 3575 in
771 3499 897 3598 primis
946 3500 1142 3574 dicendum
1175 3501 1268 3575 mihi
1304 3500 1373 3576 elle

348 3645 456 3728 puto.
528 3622 628 3698 Cum
662 3624 762 3698 Deus
795 3646 855 3697 me
887 3647 1004 3724 nuper
1038 3646 1083 3698 ex
1105 3623 1311 3698 Germania
1337 3627 1372 3698 in

349 3740 544 3837 Prulliam,
581 3747 619 3821 in
645 3748 898 3837 lithuaniam,
937 3767 1048 3845 atque
1071 3745 1264 3821 Poloniam
1287 3772 1371 3822 euo-

351 3870 478 3960 caffet‚
505 3871 640 3945 multas
664 3893 708 3944 ac
724 3872 842 3945 varias
857 3872 1041 3945 variarum
1067 3871 1232 3970 gentium
1251 3871 1371 3944 Eccle-

351 3995 417 4071 fios
441 3992 578 4071 visendi
590 3993 820 4094 discendique
843 3993 960 4069 studio
987 3993 1192 4068 incensum:
1220 3996 1368 4069 tandem

353 4120 417 4196 diu
440 4116 674 4219 multumque
698 4115 738 4195 in
761 4108 922 4221 illo'ipsa
943 4116 1095 4198 Polonia
1121 4116 1369 4218 obequitando

1261 4262 1368 4343 atque
