3059 5142
364 584 491 732 542³
574 590 843 708 litteriones&
861 609 1127 719 obseruationes
1172 732 1176 743 ι

480 809 584 884 Haec
612 815 705 882 vero
730 811 756 884 fi
781 807 825 881 ad
849 805 1112 880 Praefationem
1139 799 1362 894 Imprefforis

357 935 632 1028 &Bibliopolas
646 934 758 1008 nostri
786 934 1025 1028 applicantur,
1051 932 1193 1006 facilem
1218 944 1262 1000 ac
1289 929 1361 1020 pla·

265 1066 272 1075 “
354 1089 441 1141 num
462 1067 657 1140 verborum
680 1064 815 1138 sensum
835 1061 1010 1154 fundent,
1035 1055 1368 1149 ficonfideremm·

356 1188 471 1269 uerba
491 1195 645 1269 hominis
666 1192 848 1264 latinitatis
870 1182 981 1263 tersae
1005 1189 1146 1284 prorsus
1169 1188 1307 1283 ignari,
1327 1186 1363 1258 in

317 1419 321 1427 .
355 1327 657 1427 distindionibus,
685 1328 870 1404 commatis
902 1327 1054 1400 accolis
1084 1307 1148 1428 suo
1179 1325 1271 1398 loco
1299 1341 1361 1418 po·

356 1455 483 1530 'mendis
506 1453 607 1550 supra
633 1477 778 1532 omnem
798 1455 947 1529 modum
970 1451 1156 1550 mentiost,
1193 1471 1236 1524 ac
1262 1471 1363 1544 prae·

352 1574 454 1656 ter'ea
473 1584 659 1668 vanitatis,
684 1604 789 1675 quarn
810 1585 900 1656 lucri
923 1581 1055 1676 cupido
1073 1579 1197 1674 inflat,
1222 1579 1359 1654 studio·

288 1778 295 1784 .
355 1710 464 1788 srffimi
492 1715 597 1807 plane
625 1735 700 1789 non
723 1714 838 1807 premi
856 1711 980 1805 poiie3
1015 1712 1096 1786 sunt
1117 1713 1215 1785 enim
1238 1709 1357 1784 verba

352 1842 590 1940 promifforis,
619 1842 679 1933 qui
706 1862 835 1937 magno
857 1841 968 1942 hiatu¹
989 1843 1087 1936 quod
1117 1819 1268 1938 dignum
1293 1841 1356 1932 fit,

343 1943 442 2045 ‘nihil
467 1970 530 2041 vel
557 1985 655 2042 certe
674 1991 758 2071 ¹non
771 1946 934 2061 multum
963 1971 1116 2074 proferte
1207 1971 1357 2050 S'cilieet

331 2095 563 2199 ,geometricae
580 2094 714 2198 figurae
729 2090 846 2198 ,eadem
870 2119 937 2201 qua
954 2099 1033 2203 'typi
1047 2082 1049 2087 ¹
1050 2095 1224 2195 facilitate
1247 2097 1352 2192 confi·

349 2223 502 2305 cuntur,
526 2210 738 2294 tantundem
763 2219 883 2315 sonat,
911 2245 953 2298 ac
979 2225 1006 2298 fi
1033 2223 1237 2323 scripsrffet:
1273 2251 1354 2326 geo

218 2335 247 2367 ‘¹
352 2348 522 2444 metricae
552 2344 717 2443 figurae,
748 2349 847 2446 ligno
878 2351 1065 2427 incisae&
1091 2355 1274 2457 columnis
1299 2371 1353 2453 ty·

349 2495 482 2572 porum
511 2474 549 2545 in
575 2471 737 2545 ordinem
761 2472 985 2550 redaitorurn
1016 2474 1111 2553 iusto
1133 2458 1251 2573 spatio
1280 2485 1356 2558 iun·

302 2622 305 2626 ’
352 2602 448 2694 tiae,
475 2602 611 2677 eodem¹
629 2615 814 2694 tempore,
841 2604 1113 2699 eodempreio,
1139 2607 1275 2685 eodem
1289 2612 1354 2687 Im·

343 2711 514 2831 'predioris
538 2726 705 2814 brachiu,
731 2749 805 2820 quo
827 2728 947 2823 Typi,
974 2732 1117 2808 chartae
1142 2736 1352 2831 imprimun.

340 2875 426 2946 ¹tur,
454 2874 535 2959 cum
569 2864 674 2943 antea
708 2855 747 2927 in
774 2853 1026 2955 Manuscriptis
1060 2864 1250 2941 codicibus
1289 2872 1353 2943 alia

341 3006 474 3065 manus
496 2982 616 3091 literas
646 2983 713 3055 alia
738 3004 830 3058 vero
856 2989 891 3060 tr
914 2991 985 3079 alio
1016 2978 1158 3088 prorsus
1183 3012 1353 3092 tempore

340 3117 474 3228 ¹figuras
505 3110 696 3204 appingere
730 3111 906 3188 debuerit.
1028 3118 1109 3199 Aut
1136 3121 1196 3199 hic
1232 3124 1351 3201 sensus

346 3229 547 3315 verborum
572 3241 650 3328 est,
685 3255 747 3312 aut
773 3240 970 3317 tolerabilis
996 3247 1084 3321 alius
1111 3249 1180 3323 erit
1203 3255 1351 3344 nullus3

334 3356 473 3457 'omnes
499 3366 701 3459 enim,„qui
725 3369 831 3441 nobis
850 3366 1062 3465 suppetunt,
1088 3377 1350 3472 interpretandi

333 3497 435 3570 ,haec
459 3495 572 3568 verba
596 3493 694 3564 modi
718 3482 846 3596 reliqui
876 3471 947 3572 iam
970 3517 1075 3577 antea
1100 3506 1232 3587 excuffi
1260 3513 1349 3586 sunt

343 3621 416 3697 Sed
449 3619 596 3697 fortaffis
632 3620 821 3716 Impreisor
861 3625 1009 3701 editioni
1044 3629 1129 3704 huic
1166 3647 1349 3720 curandae

329 3747 568 3824 Monachum
591 3748 654 3822 vel
678 3752 784 3827 aliurn
809 3760 985 3854 quendam
1019 3783 1065 3837 ex
1088 3766 1200 3845 latine
1237 3775 1349 3849 doctis

339 3874 543 3949 hominibus
578 3877 770 3974 adhibuit,
803 3887 934 3976 quibus
964 3887 1054 3967 haec
1086 3892 1171 3964 taiia
1202 3907 1349 3991 parcius

340 4002 542 4080 omittenda
563 3999 653 4076 sunt.
737 4006 807 4082 Ast
819 4008 949 4086 Editor
963 4020 1025 4088 vel
1043 4014 1269 4111 Imprefforis
1293 4033 1348 4102 ad·

565 4136 567 4141 ¹
841 4137 845 4149 ¹
918 4134 920 4139 Ι
1225 4161 1343 4247 iuter,
