3059 5142
319 589 411 681 420
536 556 756 647 Relationes
773 555 825 650 &
845 552 1139 673 ObJeruatioms
1228 568 1254 597 ²

314 760 460 833 'neuros
485 757 611 841 etiam,
638 752 702 853 qui
724 736 821 827 forte
847 749 1142 840 offenderentur,
1167 748 1240 825 hoc
1261 745 1340 849 ipso

319 879 542 959 excusandos
567 877 726 976 putauit.
788 875 859 951 Sed
892 877 1073 953 innumeri
1104 895 1243 981 errores
1274 893 1341 948 oc·

319 1022 498 1090 currunt,
525 1000 689 1099 scriptori
712 1001 807 1094 (non
831 1001 983 1094 Autori)
1007 997 1114 1100 plane
1136 1020 1219 1073 non
1234 1074 1236 1079 ,
1250 1018 1342 1100 con·

322 1126 496 1203 donandi.
550 1126 628 1222 Qri
653 1121 855 1224 posthumis
881 1110 1062 1200 eiusmodi
1086 1120 1248 1223 legendis
1275 1118 1341 1193 ad·

319 1251 412 1326 iueti
446 1246 546 1336 suut,
589 1246 691 1346 quod
720 1246 767 1321 de
792 1247 834 1325 iis
858 1246 944 1323 ferri
970 1246 1101 1321 debeat
1125 1245 1309 1321 iudicium
1323 1289 1338 1331 ,

318 1398 385 1474 per
411 1369 444 1446 se
468 1389 616 1444 norunt.
668 1370 790 1444 Vnius
816 1370 939 1445 mendi
964 1369 1083 1471 <quod
1108 1388 1234 1445 autem
1259 1377 1339 1445 Au·

318 1495 392 1569 tori
415 1517 525 1568 nemo
549 1493 805 1596 imputauerit)
831 1493 1055 1568 mentionem
1081 1488 1171 1567 facit
1195 1489 1339 1577 editor,

318 1640 405 1692 cum
433 1618 608 1692 admonet
638 1618 804 1691 Marmor
828 1616 1025 1692 Parisinum
1056 1613 1237 1691 nominari
1258 1608 1340 1687 ¹sae·

317 1743 420 1840 pius,
448 1740 549 1838 quod
573 1740 718 1840 Parium
733 1741 859 1815 vocari
875 1740 1017 1816 debeat.
1067 1739 1138 1815 Sed
1161 1760 1252 1838 paee
1267 1736 1339 1811 hu·

246 1936 249 1943 ,
319 1864 377 1937 ius
400 1861 528 1962 ipius,
558 1884 669 1961 quem
694 1881 817 1939 cetera
836 1863 1067 1964 ignoramus,
1089 1864 1163 1938 Dn.
1178 1857 1340 1936 Editoris

318 2012 470 2064 monere
493 1976 624 2073 licead,
652 1984 767 2086 ipsum
794 1989 832 2061 in
855 1990 1025 2088 antiquos
1050 1985 1210 2064 Pidores
1243 1983 1341 2057 iniu-

317 2113 413 2186 rium
439 2110 557 2186 videri
583 2107 703 2210 posse,
729 2111 830 2210 quod
848 2135 894 2187 ex
909 2112 1058 2187 nomine
1074 2111 1232 2211 ipsorum
1248 2129 1338 2182 con·

317 2228 416 2322 iicit,
443 2232 531 2309 olim
557 2233 748 2335 pingendis
774 2234 966 2312 hominum
983 2233 1108 2338 figuris
1130 2231 1210 2333 ipfis
1233 2227 1339 2307 fuiffe

316 2354 561 2432 interdictum.
614 2344 784 2445 Nomen,
811 2362 913 2458 quod
927 2359 998 2437 istis
1011 2359 1188 2458 imponit,
1211 2347 1339 2432 Hier.

316 2475 502 2571 aeichner,
528 2480 678 2558 videtur
703 2504 751 2556 ex
778 2481 923 2558 Graeco
963 2459 1193 2573 ζωθγξᾱφῡνς
1217 2484 1340 2559 trans-

318 2601 468 2678 dudum
495 2600 586 2678 effe:
622 2623 775 2680 atvero
801 2629 877 2680 non
900 2627 997 2679 noua
1028 2599 1079 2675 est
1104 2597 1338 2693 obseruatio,

214 2785 223 2805 t
276 2726 280 2733 ’
322 2729 431 2827 genio
457 2726 621 2802 Graecae
654 2728 818 2827 Linguae
842 2729 878 2802 id
907 2724 1132 2828 postulante,
1169 2705 1243 2822 ζω8
1270 2747 1338 2799 no·

315 2853 437 2938 mine,
464 2872 580 2947 aeque
606 2848 797 2940 homines,
823 2853 860 2927 &
888 2850 1037 2924 maioris
1068 2848 1181 2924 etiam
1212 2848 1338 2926 excel·

313 2973 449 3049 lentiae
472 2971 636 3047 viuentia
658 2976 813 3063 uenire,
855 2994 965 3074 atque
993 2975 1102 3048 bruta
1134 2971 1337 3063 animalia,

194 3128 197 3134 ·
314 3096 416 3175 unde
444 3094 535 3170 nihil
567 3078 613 3172 ex
636 3094 700 3172 ista
732 3095 911 3198 pidorum
939 3096 1182 3196 adpellationo
1210 3096 1343 3181 dexte·

166 3221 170 3229 “
313 3219 415 3296 ritati
433 3239 562 3297 eorum
584 3219 863 3321 ignominiosum
885 3219 1042 3296 debebat
1062 3220 1233 3298 deriuari.

419 3453 598 3529 Ceterum
636 3454 932 3552 perlustrantibus
970 3456 1077 3534 nobis
1112 3453 1337 3559 opusculum

313 3574 453 3678 ipsum,
480 3572 585 3673 plura
607 3580 870 3669 occurrebant,
903 3605 1000 3684 quar¹
1027 3584 1072 3657 ab
1095 3577 1337 3659 eruditiffimo

279 3703 457 3781 =Autore
479 3701 530 3774 ita
551 3699 680 3804 scripta
704 3722 771 3778 aut
793 3702 887 3781 dieta
916 3705 987 3789 effe
1009 3706 1114 3782 nobis
1142 3730 1335 3806 nunquam

313 3823 517 3921 poterimus
540 3824 772 3921 persuadere,
798 3849 842 3904 vt
870 3826 959 3908 nulli
975 3829 1206 3919 dubitemus,
1232 3829 1335 3906 srvi·

315 3945 400 4024 dere
426 3947 655 4046 contingeret
676 3949 738 4047 ipfi
754 3947 943 4042 libellum,
969 3954 1123 4033 eandem
1137 3955 1184 4042 de
1201 3951 1262 4031 sua
1279 3951 1333 4028 fa-

314 4088 376 4142 ma
398 4068 704 4169 ingeminaturum
722 4071 810 4163 effe,
836 4101 946 4176 quam
962 4075 1103 4157 illustris
1117 4077 1222 4178 ipsius
1238 4070 1334 4158 Col·

1246 4200 1334 4306 lega
