3059 5142
450 553 492 637 de
519 496 781 664 allegatioiribus
809 560 989 646 librorum.
1038 616 1040 618 v
1079 550 1083 557 ἱ
1164 585 1253 676 4ς9

254 746 468 837 argumentis
485 738 704 826 &uounnis
726 754 949 848 exponendis
970 749 1145 830 historicis
1158 775 1259 849 prae·

252 865 371 939 sertirn
400 862 625 967 philologieis
647 875 682 947 &
703 879 910 971 antiquariis
930 877 977 950 in
1013 880 1148 968 rebus,
1179 898 1258 953 non

252 991 403 1088 exiguae
426 996 589 1070 utilitatis
615 1020 674 1071 res
696 1000 788 1095 elle,
828 1006 902 1081 imo
923 1000 1104 1081 interdum
1129 1006 1192 1077 vix
1210 1023 1258 1085 ae

252 1138 301 1191 ne
322 1119 386 1191 vix
409 1123 553 1214 quidem
573 1127 698 1199 euitar'
742 1111 745 1116 ’
775 1124 863 1216 test,
895 1127 1098 1218 complures
1126 1130 1259 1204 indica·
1312 1209 1315 1215 ,

254 1262 296 1317 te
316 1241 460 1339 fontes,
484 1254 688 1346 complures
712 1251 851 1328 adferre
867 1248 1059 1328 sententias
1081 1252 1256 1328 dillonan·

253 1386 334 1487 tes,x
356 1377 565 1472 complures·
589 1378 745 1472 denique
775 1394 838 1455 ant
864 1376 973 1451 testes
1001 1380 1120 1455 veluti
1147 1377 1258 1454 aduo·
1370 1457 1375 1479 ,

257 1518 340 1571 care
358 1516 420 1576 aut
433 1504 593 1591 iudices;
618 1503 706 1598 quin
722 1504 852 1580 accidit
864 1525 942 1581 non
956 1524 1057 1597 raro,
1082 1521 1126 1580 ut
1142 1505 1256 1602 ipsum
1389 1566 1394 1576 .

227 1635 229 1640 ’
253 1626 328 1702 srue
354 1633 445 1727 grati
469 1633 597 1722 animi,
621 1633 695 1709 siue
711 1634 896 1732 candoris,
919 1638 994 1713 srue
1017 1636 1164 1711 tandem
1180 1637 1255 1710 lau-
1317 1735 1319 1743 ¹

255 1754 310 1829 dis
336 1757 430 1833 bene
458 1759 593 1834 meritis
619 1759 709 1832 viris
734 1760 949 1841 tribuendae
977 1763 1172 1852 officium„
1188 1759 1254 1836 suo
1326 1770 1332 1783 ‘

256 1887 414 1981 quodam
440 1893 519 1966 iure
539 1888 576 1962 id
597 1881 743 1965 anobis
763 1893 909 1988 engere
923 1895 1104 2000 videatur.
1151 1896 1257 1999 Quo·
1389 1872 1391 1877 ⁵

249 2023 566 2121 -rusquisqueest,
592 2027 655 2121 qui
676 2025 812 2102 inficias
836 2025 889 2098 ite
910 2024 1021 2115 velit,
1047 2042 1095 2095 ex
1116 2038 1258 2096 actura·

248 2170 290 2230 ta
310 2156 514 2246 unitorum,
541 2157 604 2249 qui
627 2155 749 2230 thema
772 2151 937 2228 nostrum
958 2164 1021 2227 aut
1039 2151 1122 2227 data
1142 2168 1256 2245 opera

251 2281 535 2380 pertratlarunt,
567 2294 630 2387 aut
654 2279 698 2354 ad
721 2281 798 2354 eius
819 2268 1097 2356 illustrationem
1123 2273 1258 2369 aliquid
1398 2286 1400 2290 ·

252 2409 759 2500 contulerunnrecensrone,
783 2391 967 2484 historiam
978 2406 1170 2485 literariam
1181 2402 1257 2498 spe·

253 2547 381 2620 etalem
401 2540 556 2614 inultum
579 2530 785 2612 foenerari?
814 2527 878 2631 (b)
929 2536 1023 2638 Quis
1049 2555 1163 2633 porro
1183 2529 1257 2624 est,
1340 2589 1344 2605 ,

251 2672 315 2768 qui
333 2690 410 2742 non
428 2661 648 2753 confideret,
673 2661 712 2732 in
727 2656 829 2736 tanta
844 2660 956 2736 hodie
977 2664 1153 2739 librorum
1168 2659 1260 2737 rnul-

252 2795 408 2873 titudine
433 2789 512 2864 fieri
537 2786 602 2860 vix
631 2806 673 2860 ac
702 2808 750 2860 ne
782 2789 847 2863 vix
883 2790 1028 2884 quidem
1060 2789 1184 2888 polle,
1214 2795 1259 2862 ut

251 2922 402 2998 eosdem
428 2917 541 2991 libros
566 2911 719 2987 lestores
740 2901 882 2989 'omnes
910 2915 1109 3011 poffideant
1121 2964 1135 3007 ,
1167 2933 1262 3013 quos

253 3051 319 3144 ipsr
347 3041 587 3144 poilidemus,
621 3033 682 3109 sed
714 3038 773 3110 alii
809 3042 927 3130 alios3
965 3041 1109 3138 singulis
1141 3053 1264 3117 autent

252 3195 367 3250 unum
385 3171 526 3258 saltem,
552 3182 660 3258 quem
683 3162 832 3262 adeant,
859 3184 906 3243 eo
927 3165 1067 3242 facilius
1088 3154 1264 3263 monstra.

255 3307 289 3385 ri
310 3298 409 3398 poile
429 3296 594 3387 fontem,
626 3294 652 3367 s1
673 3294 795 3390 plures
821 3296 925 3372 srmul
949 3293 1173 3390 indicentur,
1200 3297 1265 3390 qui
1372 3334 1374 3339 ·

248 3432 300 3506 de
325 3435 537 3525 argumento
572 3420 748 3519 egerunt?
789 3423 883 3527 Quis
915 3421 1071 3520 denique
1099 3419 1171 3512 est,
1201 3419 1263 3513 qui
1403 3476 1409 3489 .

253 3575 330 3632 non
349 3549 545 3644 intelligat,
571 3548 874 3644 compendiariam
893 3549 942 3625 fic
958 3547 1063 3645 saepe
1086 3548 1184 3624 viam
1201 3546 1269 3622 int

253 3680 320 3760 ri?
355 3673 626 3771 taediosumque
656 3674 693 3750 δι
717 3675 902 3754 nobismet
923 3671 960 3747 δι
980 3672 1175 3752 tertoribus
1203 3689 1267 3745 ne·

683 3799 685 3802 ‘
815 3798 931 3900 Gg4
1126 3793 1273 3894 gotium>

367 3929 512 3998 lomim,
539 3926 673 4010 l’Jaffiur¹
699 3931 839 4003 Waitbtl,
865 3921 1043 4013 wlhelm,
1068 3923 1269 3996 Srblicblerurl

365 4035 533 4107 uirilem.
555 4028 699 4093 leiloio.
852 4002 883 4117 ”tf
982 4040 984 4047 '

291 4137 342 4218 (l)
361 4130 463 4199 Coni.
478 4139 635 4198 Heumann!
655 4130 806 4217 conspe&-
819 4131 894 4216 reip.
905 4134 984 4202 liter.
997 4131 1059 4200 el.
1071 4135 1138 4216 §.a

924 4366 931 4405 l
