3059 5142
218 520 323 656 ¹&
342 500 636 675 Praerogarims
653 559 832 655 meroris
848 562 1073 685 Magnifici.
1125 596 1206 687 311
1316 530 1321 545 ⁵

193 756 294 832 haud
308 754 561 852 detrectatur,
587 780 698 862 atque
713 759 747 842 se
762 785 838 837 non
857 762 1048 863 indignum
1069 762 1210 840 iudica·

191 882 287 974 rint3
329 903 368 958 et
390 884 507 986 magis
527 883 649 961 adhuc
677 886 716 961 id
745 872 975 963 mirabuntur
998 888 1044 978 ii,
1074 887 1209 988 quibus
1308 932 1311 957 .
1401 874 1404 883 ¹

191 1006 311 1081 bonae
332 1006 458 1085 literae
473 1006 554 1085 sunt
567 1006 785 1111 despicatui,
817 1011 954 1109 quique
972 1007 1066 1087 haec
1089 1012 1209 1088 virtu·

190 1126 240 1203 tis
255 1148 293 1203 et
309 1127 501 1231 sapientiae
516 1132 701 1211 seminaria
723 1134 770 1209 de
785 1133 945 1209 ruditate
960 1152 999 1209 et
1014 1133 1221 1211 ferocitate·
1337 1168 1349 1183 ·

188 1250 253 1326 sua
268 1247 465 1352 gloriantes
482 1258 634 1333 vecordi
649 1256 826 1333 sententia
838 1255 939 1347 nullo
954 1258 991 1331 in
1008 1258 1126 1357 pretio
1141 1260 1208 1333 ha·

188 1374 309 1452 benda
323 1374 394 1457 effe
409 1373 583 1455 statuunt.
634 1381 753 1458 Cuius
770 1379 823 1456 rei
846 1381 1007 1457 rationes
1024 1381 1225 1482 inquirere.
1305 1378 1307 1383 ’

187 1516 227 1574 et
242 1520 448 1600 exponere,
472 1503 530 1578 vti
555 1525 624 1578 nec
641 1500 883 1581 iniucundum
901 1501 980 1592 est,·
1000 1500 1052 1579 ita
1068 1525 1138 1607 nec
1160 1508 1206 1580 ab
1320 1524 1322 1531 ·

185 1624 352 1703 instituto
367 1625 513 1716 nostro,
539 1629 645 1703 cuius
660 1630 776 1729 gratia
792 1630 884 1705 haec
899 1624 1043 1729 publice
1058 1629 1206 1728 perscri-
1244 1688 1248 1697 ,

186 1748 306 1825 benda
320 1745 390 1827 effe
406 1750 633 1852 putauimus,
648 1754 720 1828 erit
732 1750 902 1829 alienum.
955 1748 1110 1829 Obstare
1125 1753 1206 1854 qui.

185 1873 272 1949 dem
284 1873 459 1958 videntur
471 1872 669 1951 modestiae
686 1897 725 1951 et
739 1875 984 1953 verecundiae
998 1870 1112 1979 leges,
1127 1901 1203 1977 quo

183 1995 358 2073 minutio
373 1996 472 2074 hunc
494 2020 731 2075 excurramus
754 2022 947 2099 campum,
973 2022 1058 2074 cum
1072 2001 1110 2075 in
1128 2001 1204 2080 hoe

184 2142 403 2221 argumento
427 2120 680 2223 pertradiando
700 2121 835 2198 versari
860 2121 967 2197 nobis
989 2123 1054 2199 vix
1077 2121 1202 2214 liceat,

182 2228 381 2346 quinfimul
398 2247 509 2321 etiam
517 2246 801 2321 Academiarum
817 2244 1036 2346 dignitatem
1051 2266 1091 2323 et
1107 2246 1204 2324 sum·

179 2391 353 2459 morum,
393 2369 524 2468 quibus
552 2385 751 2471 reguntur,
791 2367 1068 2468 magistratuum
1096 2395 1202 2472 prae·
1289 2441 1295 2451 .

179 2491 388 2568 cellentiam
411 2489 657 2582 adstruamus,
682 2513 723 2566 et
743 2491 850 2567 esuis
871 2492 1072 2593 originibus
1096 2518 1201 2598 repe.

179 2635 316 2692 tamus.
367 2620 420 2690 At
438 2636 527 2692 vero
543 2635 689 2711 tantum
706 2612 825 2703 abest,-
850 2607 895 2692 vt
911 2638 1059 2694 omnem
1074 2620 1200 2699 mode·

179 2739 245 2817 stia
260 2737 344 2817 suae
357 2739 546 2841 dignitatis
568 2737 631 2817 vel
645 2736 784 2840 gloriae
808 2741 1035 2817 mentionem
1057 2742 1199 2844 respue·
1317 2770 1319 2777 ·

178 2886 220 2940 re
235 2880 301 2939 aut
315 2882 444 2939 vetare
458 2860 690 2953 dicendam,
713 2882 759 2943 vt
781 2865 926 2964 potius,
953 2867 1199 2966 qua-ratione,
1214 2858 1238 2889 ”

178 2986 360 3088 sainsuper
374 2987 551 3076 habetur,
575 2982 746 3062 iaetantia
770 2988 887 3090 turpis
910 3007 951 3065 et
969 2985 1199 3093 frivolaglo·
1271 2966 1274 2981 ⁵

177 3111 409 3211 riatioatque
423 3109 617 3209 ostentatio
632 3108 770 3199 oritur,
796 3111 947 3198 eadem,
974 3110 1121 3188 finimis
1135 3138 1198 3190 vr·

177 3254 329 3334 gratur,
350 3236 393 3333 *in
406 3231 580 3308 rusticum
595 3231 789 3331 pudorem,
815 3235 878 3335 qui
891 3236 1042 3311 omnino
1059 3256 1199 3335 ponen-¹

178 3360 248 3432 dus
261 3355 314 3433 est
331 3346 368 3433 in
385 3357 501 3445 vitio,
528 3354 748 3456 degenerare
762 3356 837 3456 ipsa
858 3357 980 3435 soleat.
1033 3357 1218 3456 Qrando·

177 3502 304 3558 autem
321 3480 529 3582 quaeritur,
550 3503 617 3555 cur
631 3477 773 3557 summo
790 3479 875 3560 loco
892 3484 970 3558 nari
985 3502 1025 3559 et
1048 3479 1110 3559 vel
1133 3479 1198 3580 ipsr

176 3607 289 3682 etiam
305 3604 615 3705 Porphyrogeniti
638 3604 885 3682 academicam
906 3627 1107 3707 purpuram
1122 3630 1199 3684 non

176 3726 380 3818 fastidiant,
406 3751 483 3833 uon
496 3751 571 3803 vna
593 3729 743 3826 quidem
780 3729 842 3808 vel
890 3727 1005 3827 altera
1051 3726 1220 3830 allegari.

173 3851 296 3953 potest
317 3852 436 3943 ratio,
451 3947 455 3952 .
469 3849 568 3928 vnde
590 3852 628 3924 id
650 3850 892 3931 deriuandum
920 3852 991 3932 ess‘e
1011 3854 1197 3939 videatur,

175 3974 238 4052 sed
266 3976 289 4050 fi
312 3976 425 4051 iustus
451 3999 578 4050 earum
599 3975 743 4051 ineatur
764 3976 914 4072 census,
946 3978 1047 4056 haud
1068 3994 1198 4053 omnes

174 4100 344 4180 eiusdem
359 4097 430 4177 eise
445 4099 618 4202 ponderis
635 4118 675 4180 et
690 4100 1023 4207 momenti‘neque
1039 4101 1087 4180 ad
1101 4103 1199 4203 pane

241 4270 244 4275 -
1087 4245 1198 4328 quae·
