3059 5142
356 576 446 702 ¹356
630 576 750 715 Hiran.
780 576 894 691 Aug.-
923 564 1080 693 Ernesti

205 798 208 803 ·
357 776 408 853 ad
443 771 613 849 homines
648 770 755 850 Deus
794 770 977 851 demlsset
989 820 1004 864 ,
1051 782 1177 851 amore
1203 768 1243 851 ὰ
1271 788 1384 877 grata

355 895 549 977 memoria.

402 1086 405 1091 .
457 1020 601 1095 Verum
625 1016 665 1093 in
688 1015 769 1109 hit,
800 1035 914 1119 atque
944 1016 984 1091 in
1008 1018 1162 1094 caeteris
1183 1020 1296 1095 etiam
1323 1019 1380 1093 in·

354 1142 477 1221 ventis
494 1139 678 1242 plerisque
692 1136 969 1230 dostrinarum,
994 1141 1059 1215 vix
1074 1139 1378 1243 operaepretium

353 1265 512 1345 fecerint
536 1259 724 1355 auctora,
754 1263 819 1341 nili
849 1262 912 1339 vel
943 1261 1024 1365 ipsa
1049 1263 1186 1364 paritet
1211 1267 1378 1367 contige·

352 1384 612 1487 tit-elegantia
637 1387 796 1488 ingenii,
835 1384 898 1463 vel
928 1384 1082 1461 aliorum
1116 1383 1297 1488 elegantia
1330 1409 1376 1465 ac

351 1508 544 1613 diligentia
574 1532 705 1586 eorum
735 1508 895 1589 inuentis
926 1509 1125 1587 succurrat.
1189 1512 1289 1587 Nam
1305 1510 1375 1587 in·

351 1652 470 1713 venta
495 1628 708 1709 mortalium
733 1630 906 1733 pleraque
938 1630 1090 1708 suntab
1114 1631 1222 1709 initio
1247 1634 1374 1711 tenuia

350 1758 392 1835 &
418 1755 545 1845 rudia,
588 1775 743 1856 eamque
774 1755 825 1833 ob
848 1752 992 1831 causam
1017 1756 1139 1833 minus
1169 1755 1246 1833 late
1269 1775 1374 1857 patet

350 1900 485 1959 eorum
507 1874 673 1968 vt'iliras,
699 1901 769 1954 nec
794 1878 934 1955 habent
959 1878 1308 1981 dignitatis.aliquid
1330 1901 1374 1957 ac

347 2002 504 2108 leporis,
530 2024 606 2100 quo
629 1998 780 2076 valeant
803 2000 915 2076 etiam
942 2001 989 2076 ad
1003 1999 1188 2079 liberalem
1214 1999 1376 2080 oblecta·

314 2160 317 2167 ¹
349 2129 502 2203 tionem.
555 2124 626 2199 Sed
651 2147 696 2199 oa
719 2146 827 2213 cum,
855 2121 961 2199 velut
985 2126 1081 2201 bona
1106 2125 1227 2226 aliqua
1255 2145 1373 2203 mate-

348 2251 426 2338 ria,
464 2249 512 2325 de
536 2243 729 2327 auiiotum
758 2247 928 2333 manibus
955 2267 1127 2361 accepta,
1169 2246 1371 2327 uastantur

323 2371 588 2473 ingeniorum
603 2367 828 2471 elegantium
853 2392 944 2446 cura
974 2370 1014 2451 δι
1044 2369 1252 2473 diligentia,
1297 2384 1370 2451 non

347 2494 463 2573 modo
489 2491 752 2583 luculentiora,
778 2488 948 2582 utiliora,
975 2495 1161 2571 ornatiora
1175 2519 1219 2577 ac
1243 2498 1369 2573 iucun-

348 2619 454 2705 diora
479 2615 603 2706 fiunt,
646 2614 708 2690 sed
745 2615 858 2695 etiam
884 2615 1070 2714 accipiunt
1102 2619 1329 2717 quaedam'
1318 2644 1371 2695 tn·

347 2758 563 2830 crementa,
603 2760 722 2838 eaque
752 2735 857 2835 saepe
887 2734 1120 2831 huiusmodi,
1161 2764 1256 2848 quae
1287 2743 1369 2846 plus

346 2863 482 2969 profint
505 2862 639 2963 prima
635 2861 842 2961 tenuitate.

373 2987 596 3087 -urtqua
600 2987 734 3065 etiam
740 2983 823 3060 sunt
855 2985 948 3061 vitia
981 2950 1162 3086 quaedam
1195 2987 1368 3071 solemnia

344 3111 441 3202 hia.
451 3111 517 3213 qni
541 3111 710 3189 inuentis
723 3106 786 3201 vel
801 3128 983 3199 conantur
999 3108 1203 3210 disciplinas
1217 3137 1367 3215 augere,

343 3233 412 3313 vel
431 3255 634 3317 auxenrute
661 3233 1041 3336 quibas-remedium,
1065 3235 1128 3312 nili
1151 3234 1198 3311 ab
1221 3235 1368 3338 elegan-

343 3360 399 3435 tia
429 3357 567 3459 ingenii
584 3353 662 3433 ,νεὶ
698 3354 751 3433 sui
777 3354 846 3443 ¹vel
872 3353 999 3448 alieni,
1039 3356 1207 3447 essenon
1231 3359 1364 3461 potest.

188 3458 192 3475 ¹
341 3482 445 3565 Nam
470 3478 576 3581 [πορθ
597 3481 637 3557 &
652 3477 716 3582 ipsi
730 3466 1079 3570 mupraduertimus,
1105 3481 1145 3558 ἃ
1159 3481 1250 3563 alios
1257 3530 1272 3572 ‚
1296 3484 1366 3565 do·

196 3656 200 3668 -
341 3598 523 3689 &isimon
537 3603 661 3709 viros,
687 3600 896 3697 audirimus
922 3602 1046 3703 queri,
1071 3603 1210 3691 multos
1226 3606 1276 3683 de
1299 3628 1363 3707 ge·

341 3750 432 3807 uere
458 3750 610 3820 eorum,
633 3727 699 3827 qui
723 3726 937 3821 inuentores
965 3725 1097 3820 client,
1122 3729 1275 3805 inuenta
1300 3727 1363 3809 sua

340 3851 402 3931 vel
425 3874 469 3928 ea
499 3850 719 3947 obscuritate
749 3846 957 3942 inuoluiiie,
989 3868 1034 3926 vt
1064 3876 1086 3931 a
1116 3846 1385 3953 pauciffimis,¹

339 3973 388 4053 ab
413 3975 471 4050 his
495 3995 644 4076 quoque
667 3972 752 4059 vix,
778 3964 928 4077 intelligi
954 3970 1115 4075 possent,
1141 3997 1216 4073 quo
1239 3976 1361 4051 nomi·

339 4096 530 4183 ucetiam
548 4117 704 4201 magnus
729 4096 925 4219 Neatonur
962 4100 1261 4214 reprehendier,
1295 4095 1367 4181 vel·¹

531 4288 533 4293 .
1253 4241 1356 4299 tanta
