3059 5142
260 598 263 605 ’
361 620 447 714 3¹4
530 584 699 681 senar
722 566 988 706 programma
1005 594 1049 684 a
1068 594 1205 690 naa

360 790 481 890 Atque
496 782 612 887 ipsum
629 783 779 887 quidem
795 788 869 865 iam
883 810 1018 870 nomen
1031 789 1197 870 Rebiorie
1218 799 1381 878 muneris

355 908 652 1015 praecellentiam
666 905 872 987 luculenter
900 912 1072 1017 defignat
1149 916 1256 994 Licet
1277 922 1379 997 enim

335 1022 673 1115 'artmannus
700 1032 1025 1113 coumuolvs
1056 1037 1094 1112 tn
1123 1039 1378 1122 arrestation-

241 1187 244 1191 ·
353 1162 423 1239 bus
448 1160 498 1235 de
517 1157 797 1259 antiquitatibus
809 1158 1114 1261 Academiarum,
1153 1186 1238 1239 cum
1260 1157 1376 1264 ipsam

349 1286 461 1363 huius
473 1272 635 1361 muneris
649 1282 851 1383 originem,
881 1296 964 1358 'tum
977 1283 1090 1360 etiam
1105 1286 1376 1365 denominatio·

349 1390 437 1486 nem
450 1406 529 1484 eius
541 1401 812 1496 aPontificibus
820 1404 994 1484 Romanis
1010 1426 1176 1508 repetat,
1201 1421 1278 1489 'eta
1298 1410 1374 1487 Re-

344 1514 511 1609 ‘bioribus
529 1527 767 1606 Ecclesrarum
789 1529 886 1605 hanc
905 1528 1189 1632 appellationem
1212 1531 1251 1609 in
1273 1532 1370 1609 Vni·

348 1650 537 1731 uerfitates
557 1642 758 1753 proiediam
779 1651 851 1728 eise
867 1674 996 1757 putetr
1027 1653 1079 1730 sat
1102 1653 1215 1734 firmis
1228 1676 1368 1747 tamen,

344 1761 453 1855 'cuius
493 1776 598 1876 supra
638 1774 898 1867 meminimus,
949 1778 1059 1857 ΙΟΗ.
1088 1776 1275 1856 PETRVS
1303 1778 1367 1857 DE

345 1898 608 1978 LVDEWIG
631 1893 925 2000 aduersusipsum
940 1903 1054 1978 euicit
1068 1902 1309 2006 argumentis,
1326 1923 1366 1981 et

337 2008 457 2127 'ip'sam
473 2022 691 2139 dignitatem
707 2024 753 2096 ab
762 2023 1045 2124 Imperatorrbus
1065 2024 1166 2101 fuisse
1188 2008 1365 2102 cubilitu-

243 2244 247 2251 ,
343 2170 443 2238 ram,
470 2142 847 2247 etn'omenpoliticae
862 2144 932 2225 esse
949 2149 1115 2251 originis,
1142 2169 1364 2254 tantumque

337 2250 479 2362 bbere,
521 2288 567 2346 vt
581 2265 719 2344 nonnist
743 2268 867 2346 eccles
869 2270 985 2352 astrcrs
1013 2273 1225 2349 muneribus
1244 2275 1362 2350 tribu-

186 2472 192 2481 Ι
332 2394 424 2472 'tum
445 2391 535 2471 olim
552 2386 684 2482 merit,
706 2410 751 2469 vt
771 2395 896 2493 potius
916 2415 955 2470 et
979 2395 1051 2470 iam
1068 2395 1291 2496 antiquitus,
1318 2421 1359 2476 et

330 2516 401 2596 'illo
418 2519 494 2619 ipib
516 2536 703 2617 tempore,
731 2540 805 2616 quo
823 2517 1111 2594 Vniuersrtatum
1132 2518 1358 2621 magistratui

329 2626 503 2719 'delatum
518 2637 588 2728 est,
614 2637 891 2726 Prouinciamm
907 2638 1227 2718 Gubernatotibus
1238 2663 1278 2720 et
1292 2648 1356 2723 Sa.

336 2767 472 2866 trapis,
499 2785 563 2865 qur
552 2757 752 2837 uectores
776 2765 987 2863 prouinciae
1013 2764 1248 2855 dicebantur,
1289 2769 1356 2845 da-

324 2870 416 2966 ¹tum
433 2885 543 2964 fuerit
552 2935 566 2977 ,
594 2904 705 2986 atque
721 2885 772 2960 ita
789 2884 1002 2987 splendrdrss
1003 2912 1103 2964 mum
1127 2912 1261 2970 munus
1285 2916 1350 2994 po·

326 3011 476 3089 liticum
500 3007 564 3085 soli
593 3008 850 3109 Imperatoriae
877 3010 1046 3113 potestati
1072 3011 1348 3092 subordinatum

332 3135 579 3215 denotruetit.
643 3133 732 3232 Qra
755 3135 802 3209 de
825 3156 865 3210 re
886 3157 932 3210 eo
956 3133 1114 3210 dubitari
1137 3138 1255 3238 potest
1279 3140 1348 3211 mi-

329 3282 399 3339 nus
406 3308 421 3350 ,
443 3280 530 3335 cum
545 3275 688 3334 certum
707 3253 768 3348 fit,
802 3253 895 3357 ipsos
917 3257 1082 3336 Orientis
1105 3282 1252 3359 quoque
1275 3261 1347 3334 im·

328 3364 518 3486 petitores
538 3377 652 3456 latina
678 3380 749 3454 hac
777 3403 870 3456 voce
897 3380 935 3455 in
963 3405 1134 3482 graecam
1176 3380 1343 3482 linguam

327 3499 546 3597 transsumta
585 3501 857 3604 prouinciarum
882 3503 1027 3603 Imperii
1065 3503 1117 3579 su'i
1139 3506 1343 3606 praeferres

327 3614 486 3707 summos
509 3622 720 3729 deii'gnaffe,
752 3626 855 3705 cuius
875 3627 929 3703 rei
951 3646 990 3704 et
1017 3627 1194 3705 svluns
1216 3635 1339 3711 etalii

324 3751 592 3855 Lexicugraphi
631 3745 878 3826 testimonium
916 3751 1109 3853 perhibent
1121 3799 1136 3842 ,
1177 3776 1337 3853 quorum

174 3918 177 3925 ·
310 3858 384 3956 ‘ilie
399 3874 462 3954 sub
478 3898 573 3953 voce
597 3870 768 3982 ‘Paratur’
790 3873 892 3949 addit
914 3872 985 3951 effe
999 3860 1089 3966 ὥς
1109 3871 1336 3980 ‘’imm‘’

321 4005 452 4109 reliqui
465 4024 556 4080 vero
573 4025 654 4078 enm
670 4026 733 4103 pet
746 4003 929 4084 vocabula
939 3995 1143 4101 κυβιςιιτιις
1158 4027 1199 4084 et
1216 3991 1335 4101 ᾰςχωι

161 4158 177 4168 ·’
320 4129 517 4233 explicant.
567 4125 786 4229 Qrodvrro
803 4145 898 4225 tum,
921 4150 1008 4210 tum
1024 4130 1246 4215 Academiae
1262 4135 1335 4232 pri-

300 4268 303 4273 ’
1231 4278 1336 4332 mum
