3059 5142
271 666 274 673 -
348 596 410 724 '74
700 536 897 691 Clemmii·
911 605 1049 691 Oratio

347 798 645 900 Heidelbergenfi
665 801 869 889 fridericus
893 801 958 877 lll.
981 801 1179 877 Gothanae
1201 794 1373 875 ernestus

352 922 572 1001 Berolinenli
582 925 781 999 Fr‘idericus
791 922 1050 1012 Wilhelmus,
1065 919 1218 1011 bledor,
1234 945 1375 1020 cogno·

302 1104 311 1123 .
348 1048 449 1124 mine
482 1069 658 1146 magnus,
702 1042 1051 1147 Guelpherbytanae
1087 1043 1294 1146 Augustu5‚
1335 1063 1376 1118 at

220 1204 224 1209 ·
348 1168 480 1273 quales
504 1170 705 1270 quantique
734 1171 950 1266 Principes,
976 1169 1158 1244 dederunt
1178 1165 1343 1244 natales!

340 1378 345 1388 Ι
683 1350 688 1358 ·
1114 1342 1120 1377 ι

210 1391 214 1405 ’
447 1401 801 1502 Guelphetbytanae
827 1402 993 1502 inprimis
1019 1402 1129 1502 digna
1144 1401 1246 1488 lunt,
1274 1425 1374 1501 quae

275 1515 280 1525 ’
344 1528 616 1632 ponderentur,
660 1524 911 1601 memorabilia
936 1551 959 1600 a
984 1523 1188 1623 Contingio
1222 1543 1374 1602 tantum

345 1676 424 1729 non
449 1673 534 1724 cum
556 1645 693 1746 septem
715 1648 816 1722 miris
841 1650 969 1722 mundi
994 1648 1155 1735 collata3
1192 1648 1293 1746 quod
1317 1651 1373 1724 ni·

263 1822 267 1831 1
344 1776 482 1852 mirum
527 1766 713 1846 audlorem
754 1795 800 1845 ac
833 1769 1003 1845 statorem
1026 1769 1208 1845 habuerit
1239 1771 1373 1869 princi·

344 1922 432 1999 pem
456 1892 571 1997 ipsum
584 1941 598 1982 ‚
613 1896 725 1994 quod
748 1895 920 1995 Princeps
943 1891 1061 1982 solus,
1095 1893 1241 1970 nemine
1266 1916 1371 1994 prae·

308 2068 311 2075 ·
346 2042 482 2113 eunte,
533 2015 635 2092 nulla
686 2014 842 2091 aliorum
875 2017 1123 2093 aemulatione
1163 2017 1378 2129 excitatus„

345 2143 393 2219 ad
433 2141 644 2240 stupendam
681 2163 763 2239 eam
803 2141 1093 2244 magnitudinem
1131 2140 1371 2244 perduxerit,¹

234 2302 239 2313 ·
342 2267 416 2342 suis
457 2258 634 2339 sumtibus
660 2286 706 2338 ex
732 2262 954 2353 Germania,
989 2246 1133 2356 Gallia,
1168 2259 1366 2377 Hispania,
1402 2286 1404 2293 ·

232 2478 237 2489 1
344 2389 532 2463 Britannia
557 2389 681 2505 omnia
708 2390 1251 2492 comparaueritexemplaria,
1264 2398 1367 2498 quod
1405 2382 1406 2389 ἵ

185 2580 209 2617 ·.
343 2535 541 2586 numerum
568 2497 645 2586 eius
669 2512 734 2584 vix
759 2509 992 2607 credibilem,
1016 2515 1143 2612 quod
1133 2541 1169 2588 ιιι
1193 2543 1365 2600 numero·

193 2696 196 2701 ,
224 2718 226 2722 ,
284 2708 286 2712 ,
343 2633 380 2711 sa
407 2632 625 2739 supellectile
649 2632 871 2732 peculiarem
888 2654 1012 2708 tamen
1031 2635 1205 2719 scledum
1220 2630 1363 2740 fecerit,

207 2758 212 2767 ‘
347 2757 450 2855 quod
497 2750 762 2831 accuratiffimo
803 2757 931 2830 ordine
973 2754 1086 2835 libros
1126 2762 1362 2862 disposuerit,

342 2880 445 2981 quod
469 2880 628 2980 denique
655 2879 700 2952 ab
724 2878 889 2977 egregia,
926 2877 1051 2980 suique
1074 2872 1224 2980 'generis
1251 2891 1365 2969 unica

343 2999 418 3077 loci
439 3028 487 3077 ¹ac
516 3001 692 3077 domicilii
717 3002 995 3100 opportunitate
1016 2998 1245 3090 Bibliotheca
1267 3015 1364 3096 haec

341 3123 508 3227 Augusta
532 3124 824 3206 commendanda
850 3121 901 3231 fit.
935 3123 1006 3229 (f)
1325 3152 1327 3166 ·

1150 3260 1156 3325 ἑ
1235 3266 1360 3349 Grata

371 3475 431 3558 U)
452 3475 532 3537 Haec
547 3496 584 3535 ex
603 3488 703 3534 mente
724 3473 881 3554 conringii
903 3474 1012 3553 septem
1040 3474 1236 3543 Bibliothecae
1266 3482 1360 3548 Guel·

417 3577 613 3658 pherbytanae
628 3578 701 3638 mira
718 3578 804 3647 sunt3
826 3577 934 3659 quibus
945 3578 977 3639 ἃ
995 3577 1052 3640 hoc
1065 3575 1210 3656 singulare
1225 3581 1357 3658 addidit,
1402 3586 1406 3597 ”

320 3674 322 3685 ’
416 3672 658 3759 ’ςιιοάῬιὶιιεερε
683 3678 833 3759 Augustus
859 3679 892 3747 in
923 3679 1091 3742 coemendis
1113 3680 1197 3743 libris
1213 3704 1247 3750 ea
1265 3684 1359 3753 fuerit

414 3782 589 3863 religione,
610 3800 663 3851 vt,
690 3801 758 3842 cum
786 3781 963 3843 Parlamenti
984 3781 1146 3847 Parifienfis,
1163 3786 1281 3851 decreto
1302 3790 1356 3856 illa
1405 3822 1406 3827 ¹

413 3882 637 3955 Eminentiffimi
653 3883 815 3948 cardinalis
835 3884 980 3945 Mazarini
993 3885 1173 3955 Bibliotheca
1191 3890 1245 3953 vili
1256 3893 1354 3971 pretio

415 3984 632 4056 distraheretur,
647 3988 783 4066 quamuis
805 3986 910 4058 client
930 4005 1004 4067 quae
1022 3990 1152 4053 multum
1168 3990 1354 4065 defideraret,

412 4089 539 4159 vetuerit
562 4106 660 4152 tamen
686 4090 825 4167 Princeps
857 4091 1007 4167 optimus,
1037 4090 1194 4171 quidpiam
1216 4095 1279 4160 eius
1298 4095 1354 4165 fibi

413 4191 488 4263 emi,
517 4211 556 4255 ne
579 4193 705 4322 quidex
724 4191 800 4256 illo
790 4211 823 4255 m
842 4211 931 4258 omne
952 4210 1060 4258 aeuum
1073 4193 1153 4262 houd
1173 4214 1283 4263 temere
1302 4221 1353 4261 ex

1219 4300 1348 4383 caludo
