3059 5142
263 616 266 623 -
361 580 446 699 396
540 560 743 676 Schsegesir‘
762 560 983 653 Cerbereos.
1001 562 1246 686 Antsqnorio

450 770 622 844 Sacratus
659 758 710 835 cst
746 758 837 859 lapis
875 759 1142 841 FORTVNAE
1165 767 1379 853 RESPICI·

352 884 492 981 ENTI,
509 884 621 965 cuius
641 882 780 958 n'rcntio
807 883 844 955 in
868 885 1024 983 antiquis
1049 898 1296 970 monumentis
1324 899 1376 974 est

263 1086 267 1091 .
351 1010 538 1095 tarisfima.
601 1005 694 1082 Illud
727 1005 875 1103 quidem
904 1006 1116 1085 tralaticium
1144 1014 1213 1104 est,
1254 1021 1371 1099 FoR.

351 1132 555 1219 TVNAM·
571 1130 668 1233 apud
693 1126 879 1203 Romanos
893 1129 995 1205 Deae
1019 1131 1102 1211 loco
1127 1126 1304 1231 habitam,
1331 1145 1371 1221 δι

208 1283 215 1292 ”
349 1259 636 1363 superstitionem
670 1253 882 1340 huminum,
934 1253 1007 1352 ipsa
1039 1255 1187 1335 fortuna
1219 1266 1367 1342 caceio.

348 1408 449 1477 rem,
475 1360 568 1485 quae
587 1376 650 1453 sou
675 1375 818 1449 diurnae
831 1377 1084 1473 prouidentiae
1109 1384 1257 1477 debuit,
1284 1391 1368 1465 Nu.

344 1510 439 1587 'mini
470 1507 557 1605 huic
587 1497 714 1574 fictitio
746 1496 918 1572 tribuisse.
980 1500 1037 1575 De
1072 1500 1233 1583 Fortuna
1264 1514 1367 1591 enim

344 1606 524 1732 'tauquam
549 1627 596 1699 de
620 1622 701 1697 Dea
725 1621 927 1720 loquuntur
958 1625 1097 1725 antiqui
1132 1628 1365 1714 Graecorum

341 1760 670 1846 Romanorumque
695 1744 913 1841 scriptores,
946 1755 1031 1819 cum
1058 1773 1259 1830 euentuum
1274 1768 1283 1783 ·
1297 1784 1364 1836 cu.

342 1898 422 1957 ram
447 1897 558 1977 atque
582 1868 871 1945 moderationem
895 1869 1072 1962 innuunt,
1098 1900 1257 1974 quorum
1272 1906 1362 1959 cau-

248 1976 251 1981 ¹
338 2004 399 2080 sae
422 1978 634 2075 mortalium
653 1989 781 2067 oculos
805 1990 933 2071 latent.
960 2017 962 2021 ·
982 1996 1135 2073 Romani
1150 2001 1362 2099 praesertim

339 2120 459 2203 ‘tanta
476 2124 573 2196 hanc
604 2118 740 2191 Diuam
773 2116 1010 2191 veneratione
1048 2122 1130 2196 sunt
1152 2124 1358 2221 prosecuti,

336 2258 385 2327 'vt
409 2243 547 2344 templa
571 2240 624 2315 iili
656 2238 931 2327 consecrarent,
966 2242 1004 2314 ἃ
1029 2240 1243 2343 fingularem
1274 2271 1358 2326 earn

337 2370 480 2472 imperii
496 2388 622 2442 curam
636 2386 761 2465 gerere
776 2363 1047 2441 arbitrarentur.
1101 2370 1190 2464 Quo
1216 2366 1357 2451 Iasium

332 2494 407 2586 est,
433 2512 498 2581 vt,
523 2486 697 2590 quicquid
723 2487 956 2585 imperatoris
972 2488 1136 2588 auspiciis
1150 2514 1354 2590 gereretur,

333 2621 372 2699 id
399 2638 509 2693 omne
534 2610 713 2686 Fortunae
737 2628 931 2707 acceptum
956 2608 1113 2698 ferrent,
1147 2616 1184 2690 dt
1212 2616 1352 2718 fignum

332 2745 443 2820 huius
470 2733 640 2811 Numinis
667 2733 704 2803 in
726 2731 896 2804 cubiculo
929 2733 1162 2830 Imperatoris
1191 2741 1353 2820 colloca-

182 2836 185 2843 *
330 2884 433 2951 rent,
472 2856 571 2959 quod
601 2855 800 2956 principem
827 2853 887 2929 vei
913 2857 950 2927 in
983 2859 1189 2953 prouincias
1213 2864 1276 2939 vel
1304 2870 1350 2943 ad

331 2982 467 3064 bersum
497 2978 785 3081 proficiscentem
810 2978 1076 3069 comitabatur,
1120 2984 1158 3059 ὅ(
1185 2990 1350 3068 Caesari.

328 3114 396 3187 bus
425 3109 470 3185 ab
504 3104 675 3204 Augustis
707 3123 871 3175 extrema
904 3104 1124 3201 agentibus,
1168 3129 1347 3211 tanquam

326 3235 451 3312 traditi
479 3229 623 3327 imperii
646 3227 799 3327 pignus,
828 3227 1153 3303 transmittebatur.
1222 3235 1274 3309 Ea
1301 3239 1348 3314 de

325 3383 365 3434 re
415 3346 612 3428 doctisfima
651 3364 762 3424 extat
790 3344 868 3422 Cel.
910 3346 1238 3445 REINHARDI,
1282 3362 1345 3435 ad.

324 3483 399 3556 huc
425 3472 670 3577 Erlangensem
695 3472 920 3545 academiam
954 3475 1140 3564 ornantis,
1179 3476 1342 3558 disserta·

324 3604 396 3678 tio:
424 3600 482 3673 De
502 3599 604 3700 signo
630 3594 809 3669 Fortunae
842 3599 881 3669 in
903 3598 1058 3673 cubiculo
1080 3609 1240 3675 veterum
1269 3606 1339 3680 Im-

315 3740 524 3828 peratorum
546 3723 680 3822 eiusque
703 3716 974 3815 transmiffione;
997 3723 1060 3796 vbi
1082 3726 1144 3797 hic
1170 3726 1265 3802 titus
1292 3754 1338 3805 ex

318 3852 409 3927 locis
436 3840 593 3922 Clafficis
621 3840 758 3918 IVLII
778 3840 1091 3924 CAPITOLINI
1114 3847 1162 3926 θ’*
1184 3847 1337 3927 SPAR.

325 3969 484 4053 TIANI
503 3965 677 4045 firmatur.

953 4282 974 4338 ἡ
1250 4194 1335 4270 Nec
