3059 5142
255 678 270 697 ..
345 608 430 716 136
476 652 480 663 ·
550 598 712 716 Wesleyi
730 617 847 689 norae
863 600 1128 718 Gnornouicue

341 748 560 884 rituiiibus,
607 814 688 869 tum
721 792 884 894 abyssum
921 796 1054 869 mentis
1084 795 1229 870 diuinae
1271 816 1357 895 pet·

342 916 497 1021 spodium
524 918 704 1005 habeant,
730 941 803 1015 qua
835 921 980 993 reveri
1012 918 1168 993 nominis
1193 919 1357 996 Theoio·

341 1065 409 1143 gua
434 1044 509 1115 n'on
535 1030 595 1114 fibi
628 1038 692 1113 soii
717 1039 777 1113 sed
797 1041 880 1114 aliis
916 1044 1027 1116 etiarn
1062 1043 1200 1142 sapiens
1231 1065 1359 1118 carere
1389 1050 1394 1057 '

186 1184 189 1191 ·
230 1236 242 1255 ,
342 1184 418 1251 non
443 1163 574 1264 potest.
623 1168 665 1239 In
688 1166 745 1237 his
771 1165 1038 1239 numerandum
1069 1164 1255 1240 censemus
1280 1171 1361 1241 An·

342 1286 445 1387 gium
471 1310 561 1363 vere
586 1286 852 1376 Christianum,
887 1284 996 1360 solide
1022 1284 1190 1377 dotium,
1220 1287 1362 1363 multo·

141 1450 145 1461 ·
251 1481 255 1490 ,
344 1434 429 1484 rum
454 1411 656 1485 Dominum
682 1410 937 1509 quaerentium
962 1410 1108 1484 Patrem
1142 1414 1180 1486 in
1211 1411 1361 1488 Christo

138 1586 142 1597 .
256 1566 259 1571 ·
342 1524 382 1605 ἃ
405 1538 564 1617 &viimi
591 1531 845 1615 “ivdiyomvoi
876 1530 1049 1643 quidem,
1072 1550 1117 1604 vt
1142 1530 1219 1606 fieri
1245 1552 1361 1623 amat,

342 1652 401 1728 sed
428 1671 552 1725 tamen
578 1651 615 1722 in
640 1646 765 1722 multis
790 1672 811 1721 a
837 1651 973 1750 Spiritu
989 1654 1060 1727 Dei
1074 1654 1278 1755 perscriptis
1292 1668 1364 1730 'ta-

342 1775 436 1851 buiis
474 1767 863 1849 commendatiiiimum
878 1820 892 1862 ‚
936 1778 1137 1858 iohannem
1169 1777 1363 1877 Wesley,

322 1903 395 1979 M.
424 1909 469 1975 A.
495 1898 617 1973 Edidit
640 1898 671 1971 is
707 1917 793 1968 ante
817 1893 958 1996 aliquot
990 1924 1132 1990 annos,
1184 1903 1366 1978 idiomate

345 2019 525 2122 Angiico,
556 2022 711 2095 Nouum
743 2017 1038 2112 Testamentum,
1072 2043 1253 2125 notasque
1282 2024 1367 2101 iilu-

191 2220 231 2245 .-
343 2145 486 2221 strando
525 2140 579 2217 iiii
602 2141 836 2216 inseruientes
863 2143 1057 2222 subiunxit.
1117 2151 1240 2225 Huius
1265 2149 1367 2225 iniii-

319 2270 417 2346 -tuti
440 2269 619 2347 rationem
646 2267 729 2340 heic
761 2266 944 2343 recensere
980 2273 1121 2346 animus
1149 2272 1219 2363 est,
1257 2294 1304 2349 vt
1327 2277 1367 2350 in

342 2394 529 2497 plurium,
569 2415 680 2491 quarn
721 2392 871 2489 quidem
909 2390 1044 2468 fadium
1084 2395 1134 2471 est
1166 2393 1367 2488 haetenus,

336 2517 515 2593 ¹notitiam
540 2513 603 2591 iiie
628 2514 719 2589 liber
743 2513 895 2603 veniat,
934 2541 978 2591 ea
1005 2515 1085 2619 spe,
1126 2514 1204 2593 fore
1229 2539 1274 2595 vt
1299 2522 1362 2622 pio

203 2624 231 2729 ¹,
344 2641 495 2719 eruditis
507 2687 521 2729 ,
546 2638 725 2726 Antonii,
756 2640 996 2729 Weismmni,
1028 2642 1180 2741 Oporini
1190 2689 1203 2730 ,
1230 2639 1368 2747 Bange-

342 2765 391 2842 lu·
413 2767 485 2839 &c
507 2759 786 2859 simplicitatem
821 2759 965 2837 dociam
991 2766 1060 2839 rite
1092 2763 1368 2845 aestimantibus

272 2904 275 2909 ·
344 2887 448 2962 labor
481 2884 543 2960 iste
576 2883 747 2985 Angiicus
781 2882 902 2959 muito
934 2886 974 2960 fit
1012 2888 1159 2991 gaudio.
1227 2892 1369 2966 Secun-

249 3102 253 3115 .
344 3012 393 3086 da
417 3011 489 3104 jam
530 3009 568 3081 in
610 3007 743 3108 Angiia
782 3006 902 3085 iucem
946 3013 1041 3086 vidit
1082 3014 1208 3088 editio.
1261 2998 1368 3088 Sum·

345 3159 408 3210 ma
424 3132 687 3243 praefationis,
733 3133 797 3204 vbi
831 3133 878 3207 de
902 3131 1031 3208 finibus
1060 3137 1130 3212 suis
1157 3134 1368 3240 consiliique

313 3280 318 3299 '
345 3259 411 3335 via
435 3257 571 3333 author
596 3252 672 3354 ipse·
694 3253 849 3347 diiierit,
875 3256 967 3334 haec
992 3256 1070 3334 est:

445 3493 566 3581 „iam
594 3510 680 3566 ante
704 3487 827 3590 plures
861 3520 975 3572 annos
1010 3498 1218 3601 cupidinem
1250 3499 1370 3575 inces-

333 3614 458 3708 ,·‚‚nffe
484 3616 610 3690 animo
637 3614 762 3714 ipfiuS,
790 3620 960 3695 omnibus
988 3624 1060 3712 eie,
1102 3649 1196 3723 quae
1220 3623 1292 3723 ipii
1317 3622 1370 3698 ie·

228 3784 233 3811 r
344 3788 375 3833 „
383 3739 506 3840 genti,
532 3740 732 3841 cogitanti,
760 3759 847 3817 cum
864 3729 941 3819 aliis
961 3743 1190 3822 conuersanti
1217 3747 1262 3821 ad
1290 3770 1370 3822 rem

189 3958 208 3987 s
310 3938 313 3943 ,
347 3865 506 3957 „facere
530 3861 606 3936 visa
634 3859 789 3954 fuerint,
818 3869 988 3943 adhibitis
1022 3893 1133 3969 atque
1168 3868 1371 3971 congestis,

212 4082 218 4105 ¹
344 3987 496 4080 „taiem
537 3986 714 4060 adornare
751 3989 854 4062 Noui
885 3993 1107 4069 Testamenti
1146 3994 1371 4084 editionem,

218 4108 221 4113 ’
345 4137 480 4213 „quae
505 4109 602 4185 seriis
628 4108 796 4207 quidem,
822 4136 891 4191 nec
916 4136 1040 4196 tamen
1071 4117 1197 4196 literas
1229 4119 1372 4196 edotiis

1210 4245 1374 4337 „homi-

1281 4568 1290 4617 i
