3059 5142
243 514 330 677 Jtle
344 582 473 676 Libris
486 602 571 674 tam
587 585 702 671 nouit
720 596 842 699 quam
863 582 1050 698 uniiquis.
1076 630 1078 635 v
1108 554 1206 709 4b9
1287 656 1291 669 .
1342 630 1354 655 .-

181 784 265 860 libri
288 771 510 869 editionem,
544 781 663 857 forma
697 799 847 879 quarta,
873 802 999 880 ¹quattu
1029 792 1199 872 vocant,
1282 778 1285 783 ’

181 906 405 1006 Vitebergae
441 902 621 1006 prolatam
648 920 933 992 commemorat,
951 918 1080 1005 {atque
1101 904 1197 983 vlte-

179 1012 257 1110 rius
281 1028 467 1118 describit,
494 1049 648 1126 eamque
673 1027 869 1100 rarioribus
884 1028 1198 1130 annumerandam
1291 1020 1294 1027 ’

181 1148 252 1229 eise
278 1151 506 1252 pronunciat.
534 1148 579 1224 ll.
604 1147 718 1223 Band.
743 1150 792 1223 N.
819 1148 903 1227 CX.
930 1172 965 1250 p.
985 1164 1044 1242 59.
1092 1149 1197 1227 Alto·

179 1277 256 1351 rius
280 1275 514 1350 mentionem
531 1270 619 1347 facit
644 1270 835 1361 editionis,
873 1270 1038 1349 eiusdem
1062 1269 1196 1362 libelli,
1282 1264 1291 1314 -’
1354 1248 1364 1355 ,¹

181 1374 293 1473 datae
313 1396 467 1472 naulae
491 1399 538 1470 a.
563 1397 804 1471 Mutxxu
829 1392 948 1470 forma
972 1393 1122 1486 ortana,
1156 1399 1198 1477 uc
1404 1398 1408 1405 “

180 1522 269 1620 quid
292 1522 329 1595 in
353 1518 540 1620 posteriori
565 1520 636 1591 hac
658 1519 747 1593 noui
781 1517 985 1607 accederit,
1019 1520 1197 1599 recenset.
1286 1500 1288 1505 ¹
1330 1592 1336 1599 i

179 1646 323 1719 Neutro
346 1663 470 1719 tamen
494 1643 531 1715 iu
552 1639 638 1717 loco
655 1643 765 1717 huius
789 1640 930 1719 nostrae
944 1644 1113 1720 meminit
1125 1646 1198 1721 Vir
1235 1686 1237 1691 ·
1262 1708 1270 1721 ..
1332 1645 1344 1699 s

173 1761 473 1863 litteratillimus,
498 1782 543 1838 vt
557 1762 633 1839 fere
657 1765 876 1840 coniecerim
901 1767 1108 1866 ignoratam
1133 1768 1198 1869 ipil

177 1889 280 1967 fuiffe
304 1888 427 1978 istam,
458 1885 518 1965 vel
544 1885 620 1963 solo
645 1887 719 1961 hoc
742 1898 988 1989 argumento,
1013 1892 1114 1966 inter
1138 1915 1197 1967 ra·
1344 1940 1346 1945 -

172 2015 289 2089 riores
313 2012 561 2101 referendam,
583 2008 645 2084 nifi
669 2035 705 2110 p.
734 2035 819 2108 57²·
845 2011 874 2085 1.
896 2013 1009 2088 Band.
1027 2013 1083 2089 Ν.
1111 2015 1197 2091 Cll.

175 2136 395 2237 reperirem,
436 2132 566 2222 illum,
604 2131 709 2209 velut
743 2132 781 2205 in
817 2132 987 2223 transitu,
1026 2136 1197 2213 eiusdem

174 2260 402 2335 mentionem
427 2254 603 2344 iniecisse,
636 2256 725 2331 dum
750 2254 1013 2343 Germanicam
1030 2261 1200 2337 recenseo
1258 2300 1260 2305 ·

175 2401 234 2459 ret
257 2379 338 2457 libri
362 2380 586 2477 versionem,
612 2376 653 2451 A.
682 2374 952 2470 1564.,fa&am.
1005 2384 1196 2479 Quoniam
1255 2478 1257 2483 Ι

174 2526 269 2581 vero
291 2503 361 2577 Vir
385 2501 547 2585 summus
572 2498 691 2597 omisit
713 2500 981 2577 adcuratiorem
1003 2504 1113 2585 huius
1133 2507 1201 2583 da.

177 2632 219 2704 r'e
245 2627 417 2702 notitiam
436 2624 568 2713 libelli,
595 2646 671 2699 non
691 2623 970 2701 incommodum
995 2604 1230 2734 videbitur„*

177 2774 287 2855 quae¹
300 2750 347 2823 ad
371 2746 471 2823 illam
500 2748 707 2847 pertinent,
747 2746 920 2823 indicare.
987 2748 1046 2825 Est
1082 2753 1207 2855 igitur·

177 2872 239 2949 illa
264 2869 432 2972 imprella
462 2866 602 2962 forma,
635 2889 681 2946 vt
713 2868 836 2960 aiunt,
876 2869 1006 2948 odaua
1031 2874 1200 2981 minore,

177 2994 275 3072 foliis
303 2987 362 3091 52.
391 2994 550 3094 quibus,
574 3013 719 3092 praeter
751 2991 851 3068 tituli
875 2991 1005 3070 folium
1029 2982 1115 3073 οᾶσ
1138 3024 1198 3079 ac.

177 3115 447 3206 ceduntfolia,
484 3140 578 3225 quae
609 3111 707 3195 illico
724 3115 971 3199 :nominandis
998 3115 1199 3216 implentur

180 3245 334 3345 scriptis.
387 3241 510 3317 Primo
536 3239 620 3315 loco
645 3258 837 3340 comparet
878 3234 920 3315 P.
954 3236 996 3313 P.
1027 3238 1201 3346 Vergeria'

178 3367 361 3471 praefatio
385 3367 433 3443 ad
455 3362 651 3455 letiorem,
676 3386 788 3464 quam
799 3365 978 3466 integram
1004 3362 1201 3447 saliebam
1346 3421 1352 3433 t

180 3491 324 3596 legille,
349 3490 534 3566 neminem
565 3491 676 3565 credo
702 3488 853 3588 pigebit.
920 3488 1092 3571 Secundo.¹
1114 3488 1200 3569 loco

181 3616 298 3719 posita
319 3614 390 3704 est,
416 3611 592 3712 praefatio
616 3607 971 3689 DodorisMartiai
988 3608 1138 3691 barba
1161 3616 1201 3693 in

183 3734 456 3818 Conleffionem
469 3734 737 3812 Vualdensrum.
788 3730 916 3809 Tettio
937 3730 1005 3811 Pb.
1020 3732 1202 3815 blalmi-

184 3866 279 3939 toar's
303 3859 453 3962 epistola
478 3860 608 3958 scripta
632 3854 842 3934 Venerabili
866 3858 959 3935 Viro
984 3858 1022 3933 in
1039 3856 1201 3949 Chrillo,

184 3990 233 4063 D.
257 3981 474 4072 Benediuo,
515 3981 741 4082 caeterisque
772 3978 955 4057 Fratribus
987 3976 1203 4061 Vualdenli·

186 4114 255 4186 bus
290 4109 327 4183 in
359 4107 544 4183 Bobemia.
611 4108 757 4204 Quarto
793 4102 954 4203 sequitur
984 4123 1204 4206 excerptum

133 4310 143 4327 ,
183 4244 684 4326 animumanimum.
797 4224 876 4305 Dd
1158 4251 1207 4314 ex
