3059 5142
151 646 156 657 ·
269 617 355 710 454
602 578 753 677 omem
809 553 930 676 seno
1025 605 1029 615 ·

260 787 399 860 turbae
420 781 602 857 subiecere
637 796 770 856 annum
803 779 945 875 XLIX,
977 778 1105 874 LIV„
1125 775 1269 875 LXIII,

260 909 297 979 ἃ
318 905 431 981 LXX.
1004 944 1009 967 ι
1230 974 1236 979 .

362 1128 436 1202 Iam
465 1147 559 1200 vero
583 1116 671 1200 non¹
684 1104 886 1199 dubitamus
911 1124 1077 1216 quidem,
1106 1126 1195 1220 quin
1214 1150 1272 1204 re·

262 1249 319 1325 sle
344 1252 452 1344 olim,
478 1249 514 1323 &
536 1246 733 1344 composita
763 1247 919 1342 pletate‚
948 1267 1025 1322 non
1051 1247 1271 1343 superstitio

250 1393 345 1451 'nem
376 1386 517 1447 tantum
546 1369 734 1466 superante
768 1388 936 1455 omnem,
968 1366 1028 1443 sed
1052 1369 1088 1442 ἂ
1112 1375 1267 1468 panicos

259 1497 402 1572 ridente
424 1508 582 1586 terrores
606 1515 626 1568 a
647 1491 804 1567 Medicis
828 1489 1004 1585 incussos,
1038 1493 1267 1589 responderit

261 1618 350 1693 olim
370 1615 511 1689 cuidam
531 1615 743 1710 gratulantI,
770 1612 869 1705 quod
884 1635 1015 1688 annum
1038 1613 1269 1691 transcendis·

258 1738 312 1816 set
342 1735 640 1829 climaslericum,
673 1732 939 1809 Maximilianus
965 1734 1009 1807 Il.
1044 1737 1285 1832 Imperatore¹

258 1844 386 1936 omnes
410 1859 515 1963 vitaes
534 1856 615 1930 suae
647 1878 760 1930 annos
792 1855 854 1950 ipsr
877 1855 956 1931 effe
981 1858 1266 1953 climaelericos,

262 1985 298 2059 &
322 1964 434 2077 ipsum
455 1979 702 2076 sexagessmum
729 1991 911 2073 quartum,
935 1979 1097 2074 aliosque
1119 1981 1205 2058 dein
1230 1982 1267 2058 se

257 2108 368 2203 magis
394 2103 602 2195 aestimare,
628 2125 733 2198 quam
760 2102 1008 2196 sexageslmum
1024 2106 1190 2194 tertium,
1204 2106 1269 2180 de·

229 2227 439 2303 ·cretori0s
474 2223 729 2300 cismastericos
752 2220 976 2323 maleficos,
1019 2227 1102 2318 quia
1132 2231 1265 2305 mortis

122 2411 127 2421 .
257 2350 329 2423 diei
352 2348 421 2422 smt
444 2349 741 2442 propinquiorem
765 2332 857 2418 ⁴curn
881 2358 1003 2421 tamen
1026 2350 1148 2424 omnia
1171 2348 1274 2440 solli-2

132 2512 136 2517 ·
256 2472 329 2546 cite
353 2470 567 2564 penfitamus
589 2469 822 2563 problematis
843 2482 1047 2557 momenta,
1069 2470 1108 2544 in
1131 2473 1265 2564 quibus

257 2596 334 2670 eius
362 2593 473 2667 cardo
488 2592 664 2675 vertitur,
687 2589 999 2663 animaduertimus
1024 2587 1186 2684 quidem:
1213 2575 1266 2668 in-

255 2713 392 2790 dulfilse
416 2714 528 2788 modo
553 2713 730 2798 Veteres,
763 2709 875 2793 modo
900 2714 1120 2787 recentiores
1144 2713 1265 2788 Medi·

253 2860 318 2912 cos
344 2857 420 2909 non
445 2833 704 2908 dillimulandae
728 2832 988 2928 superstitioni,
1013 2857 1119 2929 quam
1144 2835 1262 2930 sep'te·

251 2961 355 3036 nario
381 2958 614 3032 immolabant
635 2977 813 3048 numero,
847 2955 959 3028 modo
985 2957 1263 3038 inconstantiam

157 3100 160 3105 ·
251 3080 409 3178 prodere
434 3080 587 3171 aliquam
612 3077 656 3150 ad
678 3081 916 3152 nouenarium
941 3081 1046 3152 etiam
1072 3103 1268 3158 excurren-

253 3215 330 3279 tem
348 3222 558 3286 numerum,
587 3200 708 3274 damus
733 3222 866 3293 porro:
892 3204 1051 3276 rationes
1076 3203 1266 3278 educatio·

235 3312 306 3401 'nis
334 3325 489 3418 aprimis
513 3321 760 3412 incunabulis,
787 3336 965 3399 mutatum
982 3322 1086 3418 saepe
1109 3325 1265 3422 vilium,

254 3450 378 3534 clima,
403 3447 502 3519 vitae
534 3464 666 3538 genus,
704 3444 802 3518 sorte
832 3446 998 3540 politicas
1030 3446 1138 3522 etiam
1171 3471 1261 3525 con·

252 3566 473 3643 stellationes
509 3569 652 3656 varias,
683 3567 858 3661 morbos,
897 3569 933 3643 ἃ
958 3570 1025 3642 alia
1061 3567 1262 3662 sexcenta,

253 3687 355 3785 posse
379 3687 551 3762 Proteum
574 3691 729 3764 homInis
758 3691 945 3765 multoties
975 3694 1013 3766 in
1039 3693 1122 3766 alias
1148 3705 1262 3786 atque

253 3808 338 3886 alias
364 3807 500 3913 fingere
523 3810 681 3904 formas,
715 3813 767 3885 ita
793 3812 956 3906 quidem,
993 3827 1055 3903 ut,
1082 3814 1143 3908 qui
1175 3815 1262 3908 post

250 3952 365 4010 annos
379 3922 514 4023 ‚mente
536 3933 601 4008 fibi
626 3933 737 4028 dispar
762 3933 840 4027 est,
865 3936 904 4007 in
929 3957 1100 4033 compage
1126 3957 1262 4032 corpo·

197 4076 200 4083 ’
249 4055 301 4132 ris
324 4055 455 4150 etiam,
482 4055 714 4151 eiusdemque
726 4061 948 4133 oeconomia
971 4072 1032 4133 tot
1053 4048 1284 4135 vicissitudi?

962 4220 966 4225 ·
998 4222 1000 4226 v
1192 4206 1262 4260 nes
