3059 5142
139 584 141 591 '
259 601 353 696 144
440 517 585 690 Reuffii
603 566 926 683 Programmade
945 571 1177 688 quidusdam

266 768 357 860 elle,
385 791 494 869 quam
519 785 713 865 putentur,
739 769 802 866 qui
826 786 973 843 tantum
990 792 1037 845 ea
1055 758 1296 869 ample'dian·,

268 913 329 968 tur
355 893 393 965 in
416 890 612 992 religione,
644 913 737 989 quae
769 891 920 997 ingeniis
953 914 1079 967 eruere
1105 916 1148 967 ac
1173 914 1275 967 com-

222 1008 224 1012 ’
266 1015 492 1117 prehendere
514 1012 708 1113 potuerint.
762 1011 900 1087 Nostris
930 1036 1021 1090 vero
1046 1015 1303 1115 temporibus·¹

266 1161 377 1237 quam
410 1135 483 1210 late
515 1135 718 1209 manauerit
747 1133 809 1208 illa
840 1134 1045 1213 animorum
1077 1138 1277 1239 contagio,

140 1328 143 1335 ,
264 1257 587 1358 milleloquuntur
619 1254 769 1331 infames
804 1257 997 1334 sciolorum
1027 1259 1150 1336 libelli.
1202 1263 1278 1337 Re-

264 1383 417 1487 pudiant
440 1378 590 1456 salutem
614 1380 787 1455 diuinitus
811 1380 890 1480 ipsis
915 1380 1077 1458 oblatam
1106 1378 1277 1463 leuiffimi

267 1506 308 1581 dt
332 1528 378 1584 ne
409 1502 642 1580 mediocriter
672 1504 819 1598 quidem
852 1501 949 1578 dodi
983 1501 1276 1592 homunciones,

190 1705 193 1709 .
264 1629 304 1706 dt
330 1625 508 1703 dominas
535 1623 804 1733 saluberrimas,
830 1649 923 1725 quae
949 1623 1044 1706 solae
1067 1637 1156 1703 tam'
1178 1627 1277 1711 divi·

178 1774 185 1781 ·’
220 1844 223 1849 y
263 1752 320 1827 nis
354 1747 652 1851 perfedlionibus,
694 1771 804 1846 quam
836 1749 1020 1824 humanae
1050 1744 1275 1850 indigentiae

178 1962 181 1966 .
238 1864 481 1949 'exauiffime
513 1885 738 1970 congruunt,
779 1869 841 1946 vel
872 1896 954 1946 eam
977 1874 1026 1947 ob
1050 1872 1193 1948 cauhm
1217 1873 1274 1950 in·

170 1986 173 1993 ¹
264 1991 464 2096 dignilllme
498 1991 750 2093 vilipendunt,
789 1994 890 2092 quod
911 2011 1004 2086 bnon„
1029 2017 1076 2072 ex
1099 1992 1274 2080 humanis

261 2096 622 2211 ratiocinationibus,
649 2113 707 2190 sed
730 2137 776 2191 ex
799 2117 933 2191 intimis
959 2117 1115 2192 Divinae
1137 2117 1273 2191 mentia

213 2334 221 2339 ..
263 2223 403 2335 arcanis
427 2243 639 2339 depromtae
671 2237 760 2312 sunt.
812 2239 857 2313 Et
884 2239 1099 2338 quotidiana
1128 2233 1273 2338 experi-

168 2407 175 2413 ·
203 2365 206 2375 '
257 2365 362 2457 [entia
377 2361 520 2438 abunde
536 2361 669 2447 docet,
694 2359 894 2458 permultos
909 2341 1106 2459 paterarum
1122 2384 1247 2438 rerum
1256 2411 1274 2455 ,

262 2482 418 2587 qualibi
444 2483 601 2557 eminere
624 2464 817 2572 uidentur,
851 2481 1014 2571 scientia,
1039 2503 1103 2557 aut
1117 2483 1271 2582 ..pruritu

250 2608 378 2708 ‚magis
403 2602 626 2701 intelligendi
652 2605 691 2680 dt
716 2596 1007 2693 demonstrandi,
1034 2609 1086 2680 ita
1107 2607 1271 2704 peruerti

263 2731 301 2805 ἃ
325 2725 459 2814 inflari,
502 2744 545 2799 vt
571 2723 847 2825 persedionibus
877 2727 946 2800 suis
977 2730 1096 2803 minus
1121 2727 1270 2804 consen·

261 2875 412 2931 taneum
437 2846 506 2924 elle
530 2834 750 2938 existiment,
776 2862 917 2948 praeter
931 2874 993 2938 ea,
1022 2875 1114 2949 quae
1128 2851 1190 2926 vel
1206 2875 1268 2926 ex·

262 2972 473 3080 peritnentis
497 2991 683 3070 comperta
708 2957 883 3062 habeant5
909 2972 969 3046 vel
997 2955 1140 3047 scien'tia
1166 2985 1269 3070 coms·
1302 2962 1313 2978 Χ

173 3089 176 3096 ’
252 3086 495 3201 Ιρῐιεὴειπὶετέ
518 3088 667 3192 polline,
712 3093 842 3169 assensu
878 3096 939 3170 suo
969 3095 1007 3168 dr
1034 3093 1104 3168 fide
1127 3096 1289 3197 dignari

256 3222 473 3325 quidquam„
525 3213 670 3321 Scilicet
691 3236 827 3315 quanta
842 3219 904 3309 llt,
929 3241 974 3294 ex
990 3217 1050 3293 illa
1064 3219 1268 3317 prauitate,

159 3396 164 3450 1
260 3366 356 3450 quae
389 3360 517 3414 natura
551 3338 583 3412 ei
609 3338 734 3413 infidet
766 3342 805 3415 dt
836 3340 1094 3417 consuetudine
1125 3343 1266 3418 inuete-

260 3469 389 3552 rascit‚
415 3465 595 3538 humanae
621 3462 752 3534 mentis
776 3465 1002 3563 arrogantia,
1027 3478 1135 3563 quam
1161 3462 1266 3540 ferox
1312 3483 1313 3487 ’

261 3600 302 3677 dc
327 3595 478 3671 insolens
493 3580 709 3682 danaidum,
738 3619 923 3698 nunquam
937 3594 1073 3697 magis,
1100 3594 1265 3692 quanin

147 3710 153 3717 ’
259 3721 370 3798 rebus
395 3722 524 3797 diuinis
548 3723 721 3796 cernitur.
769 3715 857 3792 lnde
882 3712 950 3804 est,
992 3710 1092 3810 quod
1122 3711 1265 3789 minuta

138 3849 150 3867 ”
258 3845 322 3923 sua
346 3845 550 3921 eruditione
575 3843 735 3944 qualibet
760 3844 812 3915 ita
837 3837 870 3912 se
884 3833 1047 3913 iadlitent
1062 3834 1161 3909 haud
1173 3859 1266 3935 pau·

147 4015 149 4019 <
248 3970 292 4043 ci
316 3963 461 4069 paffim,
485 3987 548 4056 vt,
572 3965 693 4067 postea
719 3985 829 4065 quam
852 3958 944 4034 leuis
970 3956 1090 4056 aliqua
1114 3957 1266 4032 consue-

257 4093 353 4200 tudo
377 4114 462 4167 cum
478 4087 599 4197 ¹literis
626 4087 676 4165 eis
701 4079 914 4179 interceiht,
943 4082 1104 4164 animum
1129 4074 1266 4157 volun·

209 4222 211 4226 ‘
296 4209 334 4243 ⁴·
373 4252 376 4257 ·
507 4224 511 4233 “
1110 4225 1268 4288 statem·
