3059 5142
370 362 625 419 .4'.„

372 420 393 441 Ἣ

146 614 149 629 ·
260 543 331 697 98‘
389 575 565 665 Gmelini
581 579 718 666 Oratio
729 514 1155 676 delinimaehumatiae
1210 604 1212 615 '

250 775 364 851 'stmul
390 774 529 874 praesto
556 775 598 851 fit
621 779 704 853 idea
728 781 860 893 mentis
886 756 1278 885 qualiscunqu031metf

263 901 374 1003 ipsam
399 899 598 990 rationem,
627 911 699 999 qua
724 900 924 979 cohaerent
949 907 1043 980 inter
1076 892 1141 997 se,
1168 908 1279 984 inllu-

261 1038 404 1121 untque
437 1015 569 1095 mentis
602 1023 705 1098 ideae
730 1027 769 1100 in
797 1049 994 1131 *corporeas
1027 1028 1276 1123 mutationes,

259 1147 426 1222 nondum
465 1145 626 1248 humana
670 1146 752 1221 satis
795 1151 1000 1249 affequatur
1040 1151 1274 1250 perspicaeia.

259 1269 368 1344 Tales
393 1276 519 1346 autem
545 1273 706 1370 corporis
732 1275 955 1359 mutationes
970 1272 1053 1350 illae
1073 1277 1276 1376 ¹praecipue

138 1452 141 1457 .
259 1373 361 1483 sunt,
387 1412 487 1491 quae
506 1395 737 1471 voluntariae
761 1388 935 1487 audiunt,
970 1396 1031 1472 vel
1056 1398 1083 1472 e‘
1102 1397 1276 1475 volunta-

123 1522 148 1555 ⁶
258 1521 320 1593 riis
354 1521 392 1594 δι
426 1541 500 1592 non
532 1518 748 1596 voluntariis
782 1522 942 1611 mixtae,
982 1542 1150 1620 quaeque
1181 1548 1277 1598 nun·

258 1658 368 1742 ¹quam
396 1639 490 1716 fiunt
514 1642 584 1716 stne
609 1647 756 1742 praeuia
783 1644 1192 1721 deliberationementis
1211 1645 1274 1720 de-

258 1767 433 1853 cidentis,
459 1766 620 1839 vthaec
645 1765 729 1857 fiat,
761 1766 824 1843 vel
849 1766 912 1841 illa
937 1770 974 1840 in
1006 1788 1160 1871 corpore
1180 1774 1277 1840 mu·
1303 1766 1305 1773 ’

257 1892 371 1979 tatio,
399 1914 466 1963 nec
493 1890 754 1964 determinatae
780 1893 946 1989 proxime
972 1878 1016 1966 ab
1036 1887 1184 1966 obieiiis
1211 1914 1275 1965 ex·

257 2019 370 2094 ternis
396 2014 541 2089 ad-hoc
567 2013 710 2112 impe-rii
732 2010 974 2105 exercitium,
1008 2013 1086 2103 sed,
1114 2014 1177 2112 qui
1202 2014 1275 2088 hu-

135 2156 146 2185 *
254 2120 385 2219 manae
411 2142 511 2214 vitae
536 2129 719 2210 historiam
746 2136 952 2233 describunt
983 2159 1152 2223 omnem,
1185 2135 1274 2210 alias

254 2269 367 2353 etiam
392 2262 529 2362 oppido
554 2242 777 2334 mutationes
803 2262 841 2336 in
873 2288 1028 2365 corpore
1060 2259 1272 2347 obseruant,

254 2390 388 2464 mentis
415 2384 638 2458 mutationes
654 2382 705 2458 ita
719 2388 942 2486 excipientes
959 2407 1079 2472 certe,
1105 2402 1169 2470 vt,
1198 2403 1272 2478 quo

254 2501 515 2606 modocunque
540 2531 597 2579 res
623 2506 705 2592 fiat,
732 2532 919 2608 nunquam
947 2512 1113 2587 accidant
1137 2503 1190 2578 illi
1220 2502 1273 2577 ef·¹

145 2690 149 2697 1
181 2690 183 2695 s
253 2633 370 2710 fellus
396 2622 477 2706 stne
493 2632 548 2702 his
573 2627 731 2729 praculis
757 2638 890 2710 mentis
916 2608 1201 2714 mutationibus,
1225 2651 1270 2702 ea

225 2737 227 2741 ⁵
254 2759 404 2865 quidem
429 2777 503 2827 non
529 2751 880 2846 illas-decernente,
916 2778 960 2832 vt
984 2755 1027 2831 fit
1052 2759 1089 2830 in
1122 2749 1271 2826 astioni·

163 2959 167 2964 ,
252 2883 321 2987 1)μὸ
354 2877 571 2955 voluntariis
611 2873 713 2949 diliis
726 2924 740 2965 2
782 2882 821 2956 δι
853 2882 976 2955 militis
1002 2906 1024 2955 e
1048 2875 1269 2952 voluntariis

159 3020 192 3088 ss
253 3008 293 3081 δε
325 3028 400 3079 non
429 3000 674 3089 voluntariis,
718 2998 778 3074 sed
809 3006 971 3102 patiente
1006 2999 1103 3104 quast
1130 3002 1268 3100 magis,

169 3142 178 3153 “
253 3132 304 3205 ita
330 3149 473 3216 tamen,
505 3146 558 3217 vt
585 3125 742 3225 mutatio
770 3126 807 3199 in
839 3150 993 3227 corpore
1032 3108 1204 3224 plurimis¹
1231 3123 1269 3196 in

252 3239 388 3328 ¹cafibus
416 3272 480 3327 aut
506 3229 687 3326 obseruari
713 3271 787 3321 non
812 3243 937 3347 pollit,
972 3268 1038 3325 aut
1062 3264 1162 3320 certe
1188 3243 1268 3318 nul·

141 3363 143 3367 Α
252 3375 329 3450 lum
357 3377 577 3464 notabilem,
604 3372 755 3447 noxium
782 3371 912 3447 inferre
937 3374 1020 3449 sano
1047 3367 1193 3467 corpori
1216 3365 1268 3440 ef-

142 3488 147 3495 ’
252 3495 387 3574 felium
403 3517 533 3596 queat,
561 3490 625 3571 vbi
640 3518 742 3569 mens
759 3518 824 3593 per
838 3492 979 3570 seueras
995 3494 1145 3586 Ethicae
1164 3488 1269 3564 subli-

161 3716 166 3721 .
251 3610 376 3717 mioris
402 3621 502 3720 leges
529 3620 704 3693 exercitas
722 3613 906 3692 castiffime
931 3620 978 3692 ad
1003 3641 1085 3694 eam
1106 3611 1269 3690 serenam

202 3778 204 3783 ·
252 3743 452 3845 compofita
477 3738 528 3816 est
554 3740 876 3842 tranquillitatem,
899 3768 995 3842 quae
1019 3743 1097 3818 vim
1112 3740 1267 3838 impres-

251 3868 390 3942 fionum
417 3867 460 3939 ab
488 3862 636 3939 obieiiis
663 3886 766 3940 extra
791 3884 953 3968 mentem
979 3887 1060 3940 eam
1075 3865 1266 3971 impugna·

250 4011 374 4067 turam
400 4012 549 4064 omnem
582 3989 707 4063 eludat
739 3986 955 4076 efficaciter,
989 3989 1046 4062 vti
1075 3987 1189 4058 huius
1213 3984 1267 4057 nei

248 4113 420 4214 exempla
445 4110 594 4188 illustria
619 4110 691 4187 sola
714 4115 858 4192 ratione
874 4112 973 4188 ducti
995 4102 1177 4185 dederunt
1190 4106 1267 4202 jam

704 4258 719 4309 l
1163 4246 1266 4306 ante
