3059 5142
343 588 404 676 60
613 563 842 675 stlanmii
875 574 1012 663 Oratio
1098 575 1102 581 ’
1181 640 1184 647 .

346 779 460 855 blicas
492 770 686 873 'propterea
703 768 995 861 constituimus,
1036 728 1157 873 'quod'
1182 768 1365 849 Streniffi·

345 924 429 978 mus
466 898 661 993 Princeps,
701 916 768 993 pro
813 918 877 981 ea,
923 919 1003 993 ·qua
1038 893 1153 994 pollet
1177 896 1407 1011 judicandi!

346 1019 547 1109 facultate,
587 1035 764 1117 quantum
805 1018 933 1092 iisdem
967 1018 1133 1093 scientiae
1165 1018 1366 1115 iuuentur‚
1403 1092 1408 1137 :

255 1180 258 1185 ·
346 1147 462 1246 probe
500 1138 739 1240 perspiciens,
791 1141 883 1213 haec
917 1139 1105 1216 literarum
1132 1161 1174 1213 ac
1199 1139 1367 1217 literato·
1396 1154 1407 1162 ''

343 1288 431 1341 -rum
463 1263 614 1338 subfidia
649 1263 777 1339 nostris
815 1286 963 1364 quoque
997 1264 1206 1343 hominibus
1238 1284 1370 1364 parata

347 1385 418 1471 else
439 1376 641 1467 voluerits
715 1402 718 1407 “
822 1406 824 1411 ·
914 1397 917 1405 ’

443 1606 575 1685 Dicam
605 1601 717 1706 igitur
750 1603 796 1678 dt
822 1601 1055 1678 Bibliothecis
1080 1601 1235 1702 publicis
1261 1603 1367 1679 Prin·

238 1792 241 1799 .
346 1729 420 1829 cipi
445 1748 520 1802 tarn
544 1725 754 1809 honorificis
780 1746 891 1824 quam
917 1726 1059 1837 ciuibus
1075 1725 1271 1824 proficuis,
1301 1726 1368 1805 sed
1394 1754 1407 1835 5

340 1853 400 1935 ,ita
434 1852 574 1939 dicam,
617 1869 662 1924 vt
692 1846 815 1932 fimul‚
857 1849 955 1947 quod
983 1850 1154 1923 tenuitati
1186 1850 1367 1927 orationis
1401 1926 1407 1939 ,

343 1972 464 2047 deesse
490 1971 669 2060 sentietis,
695 1994 765 2047 vos
790 1968 865 2069 ipsi,
887 1971 1086 2047 Auditores
1111 1970 1366 2077 spetiatiffimi‚
1394 1962 1407 2063 J

347 2093 632 2183 honoratissimi,
667 2111 714 2169 vt
735 2093 855 2170 vestro
884 2093 1044 2191 judicio,
1077 2094 1196 2193 vestro
1222 2098 1368 2173 acumis

346 2243 414 2307 ne,
455 2218 572 2294 vestra
593 2216 828 2307 eruditione,
859 2216 989 2301 ,vestra
1013 2219 1198 2317 aequitate
1210 2270 1223 2308 ,
1259 2242 1365 2295 com·
1393 2210 1407 2227 ”

343 2342 516 2442 pensare,
546 2337 731 2442 supplere,
757 2339 972 2431 restituere,
1010 2339 1182 2421 excusare
1205 2339 1333 2446 velitis
1348 2384 1407 2443 „-

346 2462 509 2577 submisse
536 2467 575 2541 dt
600 2460 807 2563 obsequiosa
832 2486 974 2573 rogem.

400 2794 405 2811 ι
444 2713 699 2808 lnThemate,
725 2720 826 2820 quod
851 2721 1144 2823 pertradiandum
1166 2720 1285 2826 selegi,
1307 2718 1363 2825 ad

344 2835 550 2937 Principem
578 2843 728 2940 eiusque
754 2842 928 2943 gloriam,
965 2868 1251 2937 ornamentum,
1296 2849 1363 2923 de-

344 2986 438 3057 cue,
490 2986 584 3061 quae
619 2967 691 3040 dici
718 2965 892 3064 possunt,
944 2971 1138 3069 praecipue
1169 2953 1362 3049 reserenda

280 3164 291 3175 „
341 3080 437 3158 sunt.
509 3088 656 3165 Scilicet
689 3092 898 3166 aeternitati
932 3118 1069 3168 nornen
1106 3092 1211 3168 suum
1236 3096 1360 3172 conse·

213 3276 217 3281 .
343 3224 476 3295 crant,
503 3207 637 3309 sibique
661 3211 1036 3290 honorificentiffimar
1064 3216 1133 3292 else
1157 3217 1359 3296 Bibliothe-

342 3351 404 3403 cas
430 3327 592 3429 publicas
620 3332 748 3409 summi
776 3338 994 3435 imperantes
1021 3365 1066 3416 eo
1091 3340 1166 3442 ipso
1190 3343 1266 3438 jam
1291 3343 1361 3419 do·
1403 3442 1405 3451 Ι

250 3510 253 3515 .
297 3476 309 3486 “
341 3472 450 3540 cent,
482 3455 582 3551 quod
608 3456 695 3533 talia
720 3458 911 3534 Musarum
936 3465 1094 3564 templa,
1138 3463 1176 3538 se
1197 3463 1361 3545 maxime

258 3632 262 3639 .
339 3572 472 3672 digna,
499 3574 703 3667 exstruant,
731 3605 885 3673 ornent,
913 3584 1112 3683 perficiant.
1171 3587 1358 3687 Deinceps
1389 3610 1400 3695 ᾖ

340 3697 390 3769 ob
417 3695 518 3770 vsum
551 3700 588 3772 in
614 3725 741 3779 omnes
767 3703 867 3781 ciues
893 3706 966 3781 sese
988 3709 1254 3789 diffundentem
1277 3734 1355 3789 non
1396 3744 1399 3755 ·

213 3860 217 3871 ·
338 3814 424 3909 suae
450 3834 594 3895 tantum
619 3823 761 3924 gloriae
780 3829 998 3922 consulunt,
1025 3831 1086 3908 sed
1110 3835 1223 3911 etiam
1248 3851 1358 3914 tuen·

338 3939 394 4013 dis
420 3938 560 4028 literis,
600 3950 863 4044 prouehendis,
897 3959 1092 4046 ornandis,
1135 3952 1373 4058 amplificam

170 4110 179 4135 a
227 4098 231 4103 ·
338 4060 416 4163 dis,
462 4061 542 4169 ipso
565 4064 800 4159 scientiarum
826 4078 933 4181 gustu
959 4076 1108 4162 alltdos
1134 4082 1184 4165 ad·
1207 4078 1356 4173 office,
1395 4098 1405 4137 ⁵

1059 4262 1066 4295 t
1156 4298 1162 4307 ,
1280 4206 1405 4288 ηομ
