3059 5142
355 628 440 735 438
687 603 888 751 ¹'Gausim'
914 613 1048 701 Samo-
1132 661 1183 749 ὥς

351 784 423 904 no,
448 821 624 884 commate
646 807 775 900 quinto
794 803 924 897 refert,
949 804 1087 908 Iesum*
1109 826 1216 899 quem
1238 784 1352 903 paulu¹

351 947 436 1007 ante
450 935 675 1024 narrauerat,
700 932 746 1003 ab
762 929 936 1003 acerrimo
951 914 1073 1004 Iudice
1087 927 1221 1021 Pilato,
1233 950 1356 1023 eoque

260 1052 262 1061 ’
353 1057 455 1132 simul
469 1037 1225 1147 ethnicisqfententiamreportauisseqquae
1242 1053 1356 1147 ipsum

354 1181 393 1254 in
416 1179 543 1251 faciem
565 1176 721 1252 hostium
748 1177 984 1250 deelarauerit
1009 1175 1356 1269 innocentissimum,
1387 1160 1389 1165 ¹

308 1363 311 1370 .
352 1323 450 1379 nunc
476 1301 533 1373 inss
548 1300 734 1395 publicum
761 1300 1006 1392 prodeuntem
1033 1298 1178 1391 rursus,
1215 1318 1356 1372 corona

351 1423 538 1500 horridum
570 1420 708 1515 aspesiu
728 1419 885 1522 spinosa,
908 1441 1161 1515 purpureaque
1187 1419 1356 1496 amistum

352 1545 455 1623 veste
482 1546 533 1618 ita
561 1544 768 1620 exclamasse
801 1543 845 1617 ad
869 1545 1063 1636 populum:
1099 1544 1199 1618 Eece
1221 1545 1357 1622 homos

345 1654 451 1744 ‚Hem
471 1655 587 1760 vern,
615 1655 705 1761 quae
726 1656 834 1740 turba
853 1655 1050 1759 malorum,
1069 1654 1356 1767 squaepetsrlsn·

353 1789 556 1864 tiffimarum
573 1789 776 1863 illusionum
796 1789 926 1861 imbres
947 1765 1088 1861 irruunt
1104 1777 1186 1862 heic
1201 1767 1240 1864 in
1257 1793 1356 1866 hunc

355 1913 531 1989 Diuinum
552 1910 759 2004 hominem,
787 1914 847 2005 qui
873 1910 960 1984 refti
991 1912 1126 2004 ubique
1153 1899 1354 2010 consciam,

357 2038 443 2130 quin
468 2055 557 2106 vere
584 2031 820 2107 sansiislimam
848 2034 973 2107 habuit
993 2049 1163 2108 mentem.
1224 2035 1355 2111 Sentio

355 2155 539 2250 equidem,
563 2155 637 2228 duo
652 2158 742 2232 haec
759 2156 875 2230 verba
895 2158 1037 2249 quoties
1060 2159 1120 2251 pie
1141 2165 1287 2232 attento
1303 2180 1357 2232 re

355 2281 471 2354 uoluo
500 2279 639 2369 animo,
670 2277 804 2373 duplici
829 2278 1021 2372 perfodere
1047 2277 1172 2374 pedus
1202 2281 1280 2355 acie
1311 2282 1355 2356 ad

357 2398 623 2500 profundissima
642 2416 897 2496 «penetrante,
938 2424 1094 2496 quarum
1122 2407 1236 2478 altera
1271 2408 1355 2499 plus

357 2540 465 2620 quam
495 2524 641 2618 glaciale
672 2525 843 2618 relinquit
875 2526 957 2623 gelu
986 2525 1227 2600 esensatione
1258 2528 1355 2602 illius

357 2647 509 2721 extremi
537 2647 683 2741 rigoris,
711 2649 772 2738 qui
797 2649 958 2740 corporis
989 2659 1105 2739 artus,
1142 2651 1354 2745 animaeque

356 2770 546 2844 facultates
570 2759 809 2859 peccatorum
831 2770 993 2863 pondere
1020 2771 1200 2864 oppressas
1228 2774 1353 2847 immo-

359 2892 450 2964 biles
478 2889 521 2959 ad
547 2908 656 2960 omne
681 2891 819 2967 bonum
842 2892 958 2969 reddit
984 2892 1021 2964 in
1044 2893 1190 2967 homine
1214 2895 1357 2969 Diuini·

140 3030 146 3037 ·
261 3009 264 3014 ’
357 3013 461 3102 tatis,
495 3010 701 3084 eiusdemue
729 3015 887 3110 imaginis
913 3026 1087 3108 experte,
1122 3018 1233 3094 altera
1257 3037 1353 3095 veto

351 3138 432 3226 ‘ima
452 3134 569 3206 cordis
589 3138 785 3226 penetralia
808 3160 885 3210 non
906 3139 1135 3212 describenda
1154 3142 1274 3234 replet
1300 3143 1356 3215 le·

296 3276 299 3281 ’
351 3254 455 3351 'tiua,
481 3259 630 3348 eiusque
659 3256 820 3353 abyssum
844 3257 1035 3334 suauislrme
1061 3263 1242 3356 percutit,
1271 3265 1356 3339 dum

359 3379 490 3454 eodem
512 3378 598 3452 mihi
619 3402 716 3455 nunc
739 3382 969 3474 innomine,
1003 3384 1077 3457 aliis
1107 3385 1354 3475 ommlsussu·

352 3481 517 3600 ⁴periore,
545 3499 747 3597 horumque
777 3495 902 3577 amore
923 3492 967 3577 a'd
993 3506 1100 3581 imam
1123 3508 1355 3594 humanitatis

351 3619 518 3733 ¹depresso
537 3622 684 3719 scalam,
711 3625 802 3698 adeo
823 3625 1095 3703 satisfacientem
1116 3628 1203 3703 sistit
1225 3631 1352 3724 plenif-

351 3747 457 3822 srmae
478 3744 594 3842 salutis
617 3732 944 3843 Recuperatorem,
971 3761 1014 3821 ut
1038 3750 1126 3825 nihil
1148 3729 1256 3825 tanto
1282 3768 1353 3837 ma,-

266 3947 269 3954 ,
350 3871 402 3966 gis
426 3870 544 3962 optari
565 3866 685 3962 posset.
695 3846 929 3956 Redemtore‚
940 3868 1146 3954 nostrorum
1161 3875 1351 3951 criminum

348 3993 511 4086 pondera
528 3985 900 4091 leuantesfpinasque
920 3988 1066 4070 illorum
1084 3995 1214 4089 nestris
1229 4020 1252 4070 e
1269 3984 1354 4075 conss

345 4112 498 4193 scientiis
519 4110 629 4188 solide
656 4111 747 4188 adeo
768 4114 961 4189 euellente.
1105 4120 1109 4125 ’

582 4233 585 4238 ’
901 4234 907 4241 ”
1214 4234 1216 4240 ’
1304 4235 1386 4346 Quid
