3059 5142
337 609 424 699 49⁰
533 589 738 693 Oningi&
756 585 931 694 sissimo
950 585 1159 668 notaminis

271 738 280 759 x
410 820 415 827 ·
462 779 657 873 Respcnus
691 750 932 870 Metaplrpstci
965 773 1031 870 (in
1063 773 1099 849 S.
1134 773 1348 864 Scriptura)

297 942 302 951 ·
336 928 450 996 aeque
475 927 516 974 ac
535 903 768 999 Ontologici,
792 921 868 978 non
893 899 974 993 sunt
1001 912 1073 972 tam
1094 895 1278 981 abstracti,
1309 918 1350 967 ac

337 1008 434 1115 illos'
437 1024 641 1117 Philosophi
663 1024 827 1101 moderni
851 1020 1057 1113 exsculpere
1072 1022 1215 1120 uolunt.
1254 1018 1351 1090 Sunt

216 1204 221 1219 .
338 1150 391 1225 illi
429 1171 511 1233 cum
542 1123 779 1224 architectura
816 1142 1059 1237 fimplicissima
1099 1140 1353 1235 comparandi,

338 1272 402 1343 ubi
428 1269 605 1363 respectus
633 1269 748 1341 mutui
783 1266 827 1338 ad
860 1263 1137 1374 proportionem
1166 1266 1353 1364 pertinen·

337 1404 394 1466 tes
420 1396 588 1482 omnibus
610 1390 747 1480 suntin
769 1392 897 1482 oculis.
1175 1372 1180 1380 ¹

442 1590 493 1664 To*
522 1591 648 1675 ailam
674 1591 873 1684 videntur,

293 1700 297 1713 ’
394 1713 433 1805 1)
460 1712 646 1792 Oculis&
670 1736 781 1807 parua
804 1715 1037 1788 conclusione
1057 1712 1241 1784 videntur.

397 1836 439 1927 a)
462 1834 613 1931 Animo.
697 1834 822 1932 Igitur.
841 1836 973 1916 Paulus
999 1838 1086 1910 dicit
1116 1839 1224 1922 Rom.
1248 1832 1279 1908 Ι.
1313 1830 1356 1906 ω’

293 1974 296 1993 ¹
344 1959 470 2048 ἀόρατα
496 1989 532 2030 τι
549 1948 759 2048 oo'rospwo
785 1968 978 2054 καθορᾶται,
1005 1980 1051 2031 ex
1072 1959 1242 2032 omnibus
1269 1978 1359 2050 ope·

343 2078 444 2185 ribus
470 2077 582 2172 uui,
615 2083 653 2155 in
678 2081 856 2174 floribus,
887 2085 924 2156 in
956 2082 1098 2174 herbis,
1132 2082 1169 2164 in
1200 2080 1361 2163 animali·

347 2205 428 2280 bus.
528 2203 692 2294 Aeterna
729 2208 788 2294 vis
818 2206 892 2283 Dei
921 2204 956 2277 ἃ
987 2205 1153 2290 diuinitas
1187 2190 1362 2306 (eum)

307 2426 309 2431 ἵ
347 2330 478 2437 ocolos
505 2329 669 2420 corporis
689 2327 730 2399 'oa
753 2329 859 2403 animi
894 2328 990 2403 ferit.
1116 2327 1271 2422 Figurae
1304 2350 1360 2400 re·

345 2452 427 2524 ‘rum
446 2440 533 2525 'sunt
559 2451 663 2546 ipsius
685 2450 759 2525 Dei
781 2453 928 2524 virtutis
951 2452 991 2525 ln
1014 2453 1186 2526 creaturis
1209 2453 1361 2535 latentis

340 2564 491 2657 ‘termini
514 2554 728 2650 &cancelli
819 2574 869 2648 Et
895 2576 920 2648 fi
941 2577 1021 2667 quis
1047 2572 1209 2656 ellantias
1239 2596 1364 2649 rerum

346 2697 678 2790 vellet'coocipere
699 2700 772 2771 fine
797 2698 939 2794 figuris,
966 2701 1027 2771 ille
1051 2712 1239 2772 teneretur
1265 2698 1365 2771 vires

340 2816 487 2927 “diuinas
509 2818 704 2915 concipere
734 2838 837 2893 extra
862 2836 1054 2906 creaturas.
1132 2820 1204 2903 Sed
1223 2822 1265 2893 in
1283 2823 1362 2894 nul·

346 2940 381 3012 la
407 2964 447 3012 re
470 2943 677 3039 philosophi
702 2946 794 3032 adeo
820 2932 883 3019 fibi
908 2947 1134 3040 glaucomata
1157 2945 1360 3036 obiiciunt,

234 3074 237 3087 “
338 3048 482 3139 'mihin
517 3054 720 3141 definienda
752 3069 791 3140 vi
823 3069 905 3156 Dei.¹
1022 3069 1255 3154 substituunt
1286 3093 1363 3143 mo·

345 3170 477 3281 nad'es'.
500 3188 722 3281 'substituunt
734 3192 924 3286 qualitates
939 3195 1119 3277 occultas,
1143 3190 1367 3268 substituunt

348 3309 447 3415 ¹vires
471 3310 655 3391 notrices.
772 3306 842 3417 Ipsi
868 3326 990 3388 tamen
1012 3314 1192 3401 fatentur,
1217 3314 1255 3390 se
1286 3321 1364 3391 nul-

342 3424 423 3519 lam
448 3430 582 3510 habere
614 3436 730 3511 ideam
763 3439 807 3511 de
834 3457 938 3511 motu
963 3441 1175 3529 viribusque
1202 3444 1365 3524 motrici-

273 3578 276 3583 ’
345 3549 438 3643 bus,
458 3555 586 3661 'saltem
611 3562 745 3634 nullam
773 3561 889 3636 ideam
916 3573 1018 3634 extra
1042 3574 1236 3633 creaturas.

477 3717 575 3816 Quid
600 3719 684 3792 inde
710 3717 985 3793 concludimus?
1021 3716 1182 3811 spiritum
1207 3723 1368 3815 prophe·

351 3833 465 3909 ticum
486 3842 523 3910 in
544 3837 756 3935 [scriptura
781 3865 848 3915 nos
875 3844 1117 3916 manuducere
1220 3886 1222 3891 ,

425 3967 456 4046 ι)
482 3961 523 4032 ad
551 3985 608 4034 res
636 3966 789 4037 maxime
807 3969 963 4057 obuias,
991 3968 1134 4050 adres,
1162 3967 1364 4058 dequibus

353 4101 483 4154 omnes.
507 4100 630 4185 gentes
649 4086 1019 4180 consentiunt‚veluti
1042 4090 1260 4181 prouerbia,
1278 4112 1365 4185 gno-

1292 4233 1366 4285 mas
