3059 5142
187 654 190 661 ·
240 650 245 671 ·
332 626 417 741 332
494 606 626 703 Voizii
641 607 693 704 ἔθ’
712 603 897 713 Cletnmii
920 598 1019 722 Diffi
1035 602 1231 699 amoedeae
1298 600 1302 614 ’

330 807 602 914 Lupodunum,
628 803 715 879 Ister
738 804 892 904 eiusque
916 802 1038 881 fontes
1060 806 1098 881 in
1118 808 1260 883 vicinia
1284 804 1351 886 aii·

329 964 405 1041 qua
430 931 533 1010 fuiffe
558 928 715 1018 debent,
757 924 823 1002 etfi
854 925 1073 1033 Alamannos
1106 928 1210 1032 supra
1239 930 1351 1009 hosce

330 1061 507 1142 terminos
519 1053 627 1156 plane
640 1072 714 1126 non
729 1048 876 1127 exustos
891 1046 992 1126 fuiiie
1007 1068 1134 1127 contra
1147 1052 1352 1132 Ausonium

331 1205 516 1265 tueamur.
573 1175 676 1254 Alias
692 1174 791 1250 enim
812 1196 860 1249 ne
882 1174 920 1248 in
946 1176 1175 1252 connexione
1199 1176 1350 1280 quidem

331 1309 502 1391 adulatus
512 1300 585 1401 'vel'
594 1298 771 1376 mentitus
798 1294 938 1388 missen,
963 1299 1064 1399 quod
1080 1297 1128 1375 de
1145 1300 1263 1379 Poeta
1285 1327 1352 1380 ne·

330 1458 394 1512 mo
410 1428 555 1506 dixerit.
607 1422 777 1523 Solemne
800 1421 948 1523 quidem
966 1420 1123 1497 Ausonio
1144 1422 1234 1515 esse,
1268 1425 1353 1504 fon.

331 1580 409 1635 tem
417 1548 577 1630 Danubii
584 1541 808 1650 penitiffimis
823 1546 860 1621 in
875 1547 948 1623 oris
967 1543 1195 1622 occultatum
1212 1550 1351 1628 Roma.

330 1684 460 1779 nisque
483 1677 652 1777 ignotum
668 1668 759 1743 citra
780 1661 892 1745 vllam
915 1663 1079 1761 causam,
1106 1686 1172 1770 per
1203 1694 1347 1749 meram

329 1796 557 1906 hyperbolen
573 1817 640 1897 pro
660 1791 830 1867 Danubio
851 1814 1007 1892 ponere,
1039 1790 1150 1869 variis
1172 1784 1349 1897 exemplis

330 1932 368 2005 in
384 1920 526 2025 Mosella
540 1916 602 1993 itta
615 1916 770 2017 probare
784 1914 915 1990 nititur
928 1915 1125 2010 Freherus;
1158 1941 1276 1994 vnum
1296 1916 1348 1996 al-

154 2021 158 2031 '
238 2088 266 2165 3
331 2051 474 2153 ugano.
489 2039 682 2143 ungunt.
699 2037 880 2115 nunnus
902 2039 948 2115 ae
963 2040 1036 2115 noc
1052 2037 1166 2118 fluuio
1189 2044 1264 2119 naz
1300 2066 1303 2073 ·

447 2167 636 2251 Danubius
647 2164 785 2267 penitis
802 2160 915 2263 Caput
929 2163 1123 2242 occultatus
1143 2168 1184 2242 in
1200 2169 1296 2257 oris,

546 2288 655 2366 Totus
659 2282 728 2384 stab
740 2287 856 2379 vestra
873 2289 945 2360 iam
964 2285 1099 2364 ditione
1111 2289 1201 2385 fluo.

402 2416 481 2516 Qui
502 2413 630 2502 locus,
661 2409 724 2487 etfi
755 2407 834 2484 diis
865 2409 1110 2502 tolerabilior,
1136 2436 1267 2515 parum
1290 2432 1349 2492 ta·

328 2566 416 2623 men
430 2516 573 2641 probat.
600 2535 663 2623 =In
677 2556 723 2608 eo
736 2533 835 2606 enim
849 2531 1039 2635 allegando
1057 2535 1138 2611 suae
1153 2537 1349 2638 hypotheii

327 2667 483 2745 nimium
508 2655 652 2735 indulfit
677 2656 864 2732 Freherus.
916 2656 1045 2732 Sensus
1074 2648 1348 2761 epigrammatis

328 2793 391 2867 hic
411 2789 499 2864 erit:
525 2779 717 2857 Danubius
737 2797 859 2869 totus,
894 2781 932 2855 in
955 2781 1036 2880 ipsis
1065 2806 1214 2883 quoque
1236 2781 1348 2860 fonti·

328 2914 418 3001 bus,
456 2904 632 2983 Romanis
654 2921 762 2978 antea
784 2903 918 3005 ignotis
947 2904 985 2979 δι
999 2905 1136 3007 inuiis,
1177 2909 1345 2985 Romano

330 3038 403 3112 iam
424 3050 527 3134 paret
546 3029 711 3129 imperio.
758 3028 964 3129 Deinceps,
1004 3010 1072 3104 eur
1093 3030 1240 3131 ignotos
1267 3030 1346 3106 istri

296 3170 303 3183 '
327 3159 448 3251 fontes
464 3151 641 3256 appellet,
669 3152 741 3226 hoc
755 3151 910 3251 proferri
918 3151 1027 3227 video
1042 3151 1128 3229 licet
1145 3150 1346 3230 ficulneum

326 3281 471 3386 prorsus
480 3294 758 3380 argumentum:
774 3273 1104 3354 Danubiusafonte
1114 3277 1160 3354 ad
1168 3277 1344 3354 Moefiam

1224 3424 1344 3503 vsque

401 3578 481 3640 tium
499 3578 559 3639 iem
579 3577 743 3639 seculorum
757 3574 1048 3647 denominationem,
1076 3596 1135 3657 qus
1156 3574 1345 3661 Lupferberg

403 3680 511 3742 dicitur
537 3681 573 3740 ab
595 3699 632 3761 eo
657 3696 809 3757 tempore,
841 3680 931 3740 cuius,
947 3679 1090 3740 memoria
1103 3682 1136 3739 in
1157 3679 1344 3744 documentis

404 3782 444 3845 est
461 3784 564 3845 vltime
586 3783 633 3844 vel
646 3782 757 3861 ptimo,
785 3780 886 3843 endem
903 3782 1015 3844 ratione
1032 3781 1235 3860 lupodunum
1249 3784 1343 3845 Auso-

401 3886 444 3974 nii
458 3903 591 3947 montem
605 3882 752 3964 quendam
765 3882 821 3944 effe
838 3885 981 3945 comitere
997 3883 1124 3964 poffum.
1161 3882 1250 3945 Addo
1262 3885 1345 3964 Lup-

400 3986 451 4051 fen
469 3987 633 4056 castellum,
659 3985 691 4048 δι
708 3984 895 4083 Lupfetberg
919 4005 1052 4050 montem
1070 3987 1153 4066 saepe
1177 4006 1194 4047 a
1213 3986 1272 4046 se
1261 3986 1346 4046 tnui·

399 4111 463 4155 cem
471 4089 650 4172 ddimguun
659 4089 855 4150 documentis
863 4090 1017 4171 Superflua
1025 4089 1094 4152 nde
1102 4088 1343 4170 disputatmeffet

202 4165 204 4169 .
331 4178 334 4183 ’
398 4192 583 4261 mennon
598 4190 1078 4263 sssteiiavdvrbeshebuerint?'
1067 4192 1177 4261 encel.
1190 4192 1338 4255 saulem.
