3059 5142
282 496 285 501 ¹
337 574 498 679 293
491 552 767 667 Gmelini
779 469 922 641 Semno‘
947 552 992 639 de
1022 548 1176 641 Pionris

337 780 408 837 vos
431 754 543 832 vnico
568 768 720 827 tantum
739 748 950 850 impendere
972 749 1170 826 videantur
1194 747 1277 841 fini,
1311 750 1359 826 ab
1379 762 1381 765 ’

337 877 524 959 adorando
539 898 663 957 rerum
678 894 887 951 creatarum
902 876 1067 1001 omnium
1082 872 1243 955 Audore
1252 900 1358 978 prae

337 1004 484 1106 scripto

433 1126 553 1203 Huius
578 1141 724 1213 autem,
747 1141 793 1200 ut
812 1122 1058 1226 omnipotenti
1075 1060 1270 1223 sapientiae
1292 1120 1358 1196 de·

334 1253 465 1330 bemus
488 1246 637 1328 vincula
666 1268 791 1323 rerum
813 1266 919 1323 extra
943 1271 1011 1323 nos
1036 1246 1254 1349 positarum,
1286 1246 1357 1321 ho·

334 1376 426 1452 mini
448 1376 541 1451 adeo
568 1356 754 1461 salutaria,
784 1368 837 1447 ita
866 1370 906 1446 ἃ
931 1371 1069 1472 gratiae
1094 1365 1253 1446 Ηεᾶοηῑί
1279 1368 1359 1443 ani·

332 1521 437 1586 mos,
469 1494 733 1595 illustrantique
765 1492 957 1570 referimus
987 1494 1026 1568 in
1059 1496 1219 1594 acceptis
1252 1490 1356 1568 iilam

332 1622 565 1698 scientiarum
593 1620 837 1697 humanarum
870 1619 1121 1708 harmoniam,
1157 1642 1236 1718 qua,
1261 1617 1356 1692 reci·

331 1745 454 1849 procis
481 1739 610 1818 officiis
646 1741 762 1820 altera
786 1739 954 1845 inseruit·¹
967 1740 1070 1817 alteri
1077 1787 1090 1828 ,
1124 1741 1164 1817 &
1187 1735 1355 1818 amicissi-

331 1870 402 1961 mis
427 1854 602 1942 fruuntur
626 1864 784 1968 fingulae
807 1864 1026 1967 singularum
1050 1864 1265 1956 connubiis3
1302 1862 1353 1940 est

286 2028 290 2035 ¹
329 1990 414 2068 sane
436 1989 554 2081 nulla,
587 2012 699 2089 quam
728 2011 868 2066 vocant
901 1990 939 2064 in
968 1987 1193 2078 Academiis‚
1226 1985 1354 2069 Facul-

236 2186 240 2198 ,
328 2132 407 2206 tas,
433 2138 528 2214 quae
553 2110 687 2203 altera,
714 2111 738 2187 fi
763 2136 839 2189 non
864 2111 967 2213 saepe
993 2136 1087 2214 opus
1112 2111 1267 2200 habeat,
1294 2112 1351 2188 vti

328 2256 454 2315 tamen
478 2236 689 2339 frequenter
713 2235 855 2313 summo
881 2260 977 2313 cum.
993 2235 1060 2313 vsu
1084 2260 1160 2313 non
1181 2232 1300 2338 possit

302 2421 317 2469 p
381 2421 383 2427 .
428 2360 665 2438 Subsrstamus
687 2381 787 2436 nunc
812 2379 957 2437 tantum
972 2361 1010 2435 in
1025 2359 1211 2437 Facultate
1226 2361 1351 2436 Theo«

324 2480 466 2586 logica,
497 2485 536 2562 dc
557 2485 725 2576 Medica3
752 2484 834 2583 quis
860 2480 934 2574 est,
965 2484 1029 2584 qui
1054 2482 1190 2560 nesciat
1210 2484 1350 2560 utrius·

325 2630 400 2707 que
425 2608 574 2685 crebros
604 2608 803 2685 concursus
828 2607 992 2697 amicos,
1026 2608 1089 2708 qui
1115 2630 1190 2683 non
1216 2608 1348 2685 intelli·

324 2750 410 2831 gat,
443 2727 607 2831 ipfissma
636 2732 748 2807 etiam
775 2728 899 2804 diuina
924 2729 1093 2821 oracula,
1125 2731 1164 2807 δε
1186 2735 1347 2826 veteris,

323 2856 365 2931 δι
387 2856 476 2929 noui
502 2854 686 2944 Foederis,
710 2852 822 2947 haud
843 2874 965 2954 pauca
988 2854 1176 2931 continere
1197 2852 1347 2957 paffim,

323 2998 419 3076 quae
442 2978 587 3053 medica
600 2976 838 3053 illustratione
863 2977 887 3052 fi
908 2999 984 3053 uon
1007 2977 1194 3080 indigent,
1221 2998 1348 3061 tamen

282 3134 285 3139 ·
320 3095 506 3179 vtiliffirne
530 3100 603 3178 frui
627 3096 773 3204 possint.
822 3104 911 3179 Non
933 3123 1026 3203 opus
1051 3102 1150 3192 erit,
1176 3122 1222 3178 vt
1251 3102 1346 3182 haec

321 3222 657 3327 impraesentiarum
690 3226 751 3303 vel
785 3222 989 3326 exemplis,
1027 3220 1089 3299 vel
1120 3224 1248 3301 multis
1275 3229 1345 3304 ¹de·

319 3348 624 3428 monstrationum
650 3352 861 3452 ambagibus
888 3347 998 3424 latius
1028 3349 1229 3441 diducam,
1255 3375 1342 3427 cum

316 3470 487 3551 Tecum
485 3476 680 3575 praecipue
701 3498 829 3575 agam,
852 3471 1156 3551 Reuerendiffime
1180 3475 1342 3583 Domine

319 3596 572 3677 Cancellarie!
614 3599 720 3674 cuius
758 3619 804 3675 vt
838 3593 1059 3698 profundam
1096 3598 1341 3677 eruditionem

318 3718 568 3823 theologicam
591 3722 710 3799 omnis
734 3740 935 3799 veneratur
958 3720 1125 3799 literatus
1142 3723 1261 3813 orbis,
1289 3724 1341 3799 ita

213 3940 215 3945 ¹
316 3842 495 3920 summam
516 3846 553 3919 iu
567 3844 794 3921 aestimandis
820 3867 943 3920 rerum
969 3846 1189 3945 ponderibus
1215 3846 1341 3947 aequi-

316 3984 433 4046 tatem
458 3990 534 4044 vox
559 3967 685 4069 populi
709 3969 917 4053 communis
948 3969 1122 4070 agnoscit.
1173 3967 1340 4070 Oporte·
1361 4023 1372 4051 2

314 4090 370 4170 bit
394 4110 539 4189 autem,
565 4116 612 4173 ne
632 4094 737 4187 Tua,
760 4093 831 4174 Vir
847 4089 1066 4194 Magnifice!
1093 4092 1224 4172 abutar
1248 4090 1339 4170 leni·

1235 4235 1336 4305 tate,
