3059 5142
257 710 273 747 x
330 589 434 705 34⁶*
539 660 544 669 ,
624 577 825 695 Kaestneri
838 526 1029 693 silogium

162 782 186 821 ¹·
317 774 491 855 nominis
527 796 615 854 cum
637 775 743 852 Luna
765 776 945 852 duraturi.
996 776 1085 851 Non
1115 790 1254 853 temere
1277 764 1363 855 [ιιι-

329 928 417 980 nam
431 899 527 989 dixi,
552 896 767 988 auditores,
793 923 887 1001 quae
905 897 1095 976 secretiore
1116 895 1197 989 sua,
1223 901 1358 1001 Μεγα-

329 1046 395 1115 ro,
433 1023 540 1099 velut
573 1044 675 1097 nouo
704 1022 947 1123 Endymiopi,
987 1023 1136 1100 viderur
1166 1022 1355 1101 reuelasse.

329 1147 404 1227 Vel
445 1145 557 1247 ipsam
595 1142 704 1222 lunae
732 1147 867 1222 faciem
904 1147 1112 1222 accuratius
1151 1147 1355 1250 descripsit,

330 1272 483 1353 meritus
507 1265 692 1370 profecto,
715 1289 775 1369 ‚vt
799 1270 896 1344 inter
920 1268 1001 1346 illos
1023 1269 1157 1369 quibus
1182 1294 1291 1375 agros
1316 1271 1356 1350 in

330 1398 437 1476 Luna
461 1392 667 1495 dispertitus
691 1391 743 1469 est
767 1387 971 1482 Ricciolris,
996 1386 1171 1492 quoniam
1189 1392 1357 1496 ¹plerum·

331 1544 405 1622 que
420 1516 512 1592 nihii
526 1518 564 1592 in
580 1533 677 1592 terra
691 1513 873 1618 possident
889 1515 981 1593 coeli
998 1513 1202 1609 mensores,
1227 1520 1358 1620 Meye-

332 1667 396 1720 rus
426 1642 540 1716 etiam
569 1640 675 1715 nobis
708 1638 903 1740 splendeat.
959 1641 1088 1715 Motus
1124 1660 1249 1717 autem
1274 1644 1356 1745 qui·

332 1767 402 1841 bus
428 1782 548 1839 terrae
573 1760 669 1838 socia
694 1764 878 1864 agitatur,
900 1762 1041 1863 legibus
1066 1764 1260 1857 subiicere,
1287 1765 1356 1843 dis-

333 1886 537 1963 ficillimum
553 1884 691 1986 semper
702 1886 821 1962 visum
839 1885 890 1961 est
905 1885 1139 1975 astronomis,
1163 1888 1358 1991 indignan-

331 2011 452 2099 tibus,
478 2007 638 2085 maxime
657 2009 821 2112 ignorari
852 2010 1062 2110 proximum
1094 2011 1199 2087 nobis
1233 2010 1357 2102 fidus,

330 2131 432 2235 quast
455 2131 518 2209 vel
541 2134 616 2208 hoc
645 2134 708 2210 suo
739 2127 919 2233 ‘exemplo
954 2134 1113 2234 praeiret
1150 2132 1202 2209 illi
1241 2157 1356 2234 quem

167 2356 170 2363 Ι
209 2266 213 2274 ’
284 2280 286 2285 ·
335 2258 374 2334 ln
399 2275 499 2332 terra
521 2258 617 2359 regit
639 2257 750 2336 sexui.
803 2259 875 2332 Hic
892 2250 1075 2357 superauit
1088 2256 1358 2356 omnesMayg.

332 2400 420 2468 rus,
445 2376 589 2456 tabulas
612 2381 825 2470 condendo,
864 2381 960 2455 inter
993 2380 1153 2479 quas&
1189 2378 1360 2458 obserua-

334 2504 455 2581 tiones
479 2501 545 2578 vix
570 2520 716 2577 tantum
744 2503 958 2578 discriminis
991 2502 1204 2593 intercedit,
1241 2527 1359 2605 quan·

336 2640 420 2723 tum
444 2627 541 2700 inter
571 2623 841 2701 obseruationes
873 2623 963 2726 ipsas
996 2625 1221 2703 intercedere
1254 2624 1357 2707 solet.

337 2750 408 2827 His
434 2768 561 2822 autem
587 2748 781 2825 conatibus
813 2748 860 2824 ad
891 2745 1148 2848 explicandum
1179 2774 1359 2853 magnum

336 2868 437 2950 illud·
466 2870 513 2944 de
547 2867 778 2972 longitudine
809 2872 918 2947 maris
957 2872 1167 2973 problema,
1205 2877 1359 2977 propius

336 2991 416 3071 ullo
439 2991 596 3069 aliorum
621 2992 770 3069 videtur
788 2990 975 3072 accelliffe.
1027 2998 1172 3071 Notum
1185 3020 1275 3074 vero
1292 2996 1358 3091 est,

325 3124 463 3194 >motus
497 3117 606 3194 lunae
638 3118 701 3217 qui
732 3120 935 3218 perturbati
967 3137 1163 3219 apparent,
1196 3122 1360 3211 mutuis,

338 3238 443 3330 solis,
467 3256 608 3330 terrae,
634 3240 816 3342 lunaeque
841 3239 1041 3319 astionibus
1065 3243 1163 3344 regi,
1191 3244 1360 3345 adeoque

315 3364 388 3441 ad
412 3360 593 3439 celebrem
617 3362 717 3440 illam
741 3366 789 3441 de
813 3366 928 3442 tribus
938 3364 1154 3467 corporibus
1179 3367 1361 3465 quaestio-

253 3519 257 3527 ·
338 3510 426 3562 nem
448 3486 587 3576 redire,
611 3490 716 3564 cuius
742 3486 980 3567 resolutiones
995 3489 1187 3608 computis,
1205 3490 1361 3570 idoneas

339 3610 404 3709 qui
429 3609 584 3708 reperit,
610 3612 662 3702 is,
694 3610 816 3687 nostro
839 3635 956 3703 aeuo,
997 3612 1045 3688 ad
1070 3611 1251 3688 summum
1274 3638 1360 3693 coe·

338 3730 434 3811 lestis
459 3730 627 3834 phyficae
652 3736 795 3837 apicem
821 3737 951 3810 enixus
975 3735 1169 3812 iudicatur.

407 3851 409 3854 ’
439 3857 616 3958 Antiqui,
638 3856 785 3957 lunam,
818 3857 979 3936 sordibus
1003 3856 1110 3935 velut
1133 3878 1274 3951 terrae,
1310 3859 1362 3933 ob

340 3978 572 4056 vicinitatem
603 3979 914 4058 commaculatam
946 3981 1200 4076 crediderunt,
1233 4006 1363 4059 recen·

340 4100 475 4196 tiores,
500 4103 539 4180 in
562 4100 649 4184 luna
674 4102 798 4200 lacus,
823 4105 1194 4208 &atmosphaeram,
1220 4104 1261 4179 dc
1287 4106 1363 4205 ipsa

1148 4290 1150 4295 -
1210 4225 1363 4332 fulgura
