3059 5142
261 666 268 679 ,
309 604 323 647 ···
381 550 664 687 ,debellabunt
683 565 1035 659 Alamannorum.
1125 552 1213 693 329

174 770 258 851 elie
273 790 421 874 putem,
437 766 756 868 fi'proLupoduno
772 763 1205 865 certiquidpronuntiati

184 898 329 973 debeat.
349 936 355 957 1
374 897 561 993 ·Suppono
585 892 704 979 enim,
728 890 830 990 quod
855 912 965 966 nemo
988 910 1112 990 negat,
1140 916 1206 967 au.

185 1019 371 1097 sonianam
404 1015 734 1112 Ammianeamque
765 1008 959 1089 victoriam
974 1028 1102 1089 ¹unam
1135 1012 1209 1092 else

185 1144 427 1238 eandemque.
480 1138 526 1212 11.
551 1135 651 1222 Anni
681 1135 845 1234 Tempus
876 1156 1109 1225 momentum
1141 1137 1207 1214 ali.-

183 1264 288 1363 quod
311 1264 447 1336 habere
469 1268 663 1361 propterea
687 1258 924 1349 crediderim,
964 1262 1050 1359 quia
1082 1261 1128 1336 ab
1158 1284 1206 1339 eo
1355 1274 1358 1281 '

181 1386 320 1485 iterum
355 1387 473 1461 maior
497 1386 665 1459 minorue
688 1380 839 1458 Ausonii
863 1380 952 1457 fides
976 1383 1135 1481 pendere
1148 1386 1208 1463 vi·

186 1510 308 1583 detur.
356 1509 393 1583 Sl
413 1505 511 1584 enim
536 1529 622 1584 ante
650 1529 707 1603 3¹·
734 1504 802 1581 lul.
829 1504 933 1581 finita
953 1508 1026 1583 iam
1051 1504 1123 1583 fuit
1144 1532 1209 1585 ex-
1309 1580 1311 1587 .

187 1632 328 1732 peditio
355 1631 625 1720 Valentiniani,
663 1630 741 1718 ita,
782 1650 834 1717 vt·
847 1629 993 1712 ,milltes
1027 1631 1064 1707 in
1087 1632 1209 1710 media

188 1754 324 1831 aestate
350 1755 388 1830 in
412 1755 563 1829 hiberna
594 1753 836 1843 reuerterint,
866 1754 967 1853 quod
1000 1754 1079 1853 post
1101 1778 1211 1856 proe-
1294 1742 1298 1749 ’

186 1877 282 1955 lium
307 1879 382 1952 hoc
414 1877 591 1954 continuo
615 1873 753 1952 famum
786 1874 889 1953 fuisse
921 1896 1049 1976 aperte
1088 1879 1211 1957 scribit

186 2002 427 2091 Ammianus,
469 1999 562 2075 nihil
596 2000 821 2100 probabilius
853 1999 930 2090 est,
971 2024 1083 2102 quam
1108 2000 1211 2103 quod

186 2124 348 2221 Romani
368 2123 484 2226 paulo
511 2122 700 2198 inferiores
723 2147 848 2225 pugna
871 2122 1109 2214 discesserint,
1137 2123 1214 2200 Au·
1294 2116 1296 2129 '

187 2248 384 2348 iuniusque
409 2249 506 2322 hanc
527 2265 604 2319 tam
620 2243 843 2345 praeclaram
858 2238 1215 2351 scilicetuibioritun,¹
1356 2276 1358 2281 ’
1386 2219 1392 2357 Ἰ

190 2373 544 2472 quamAmmianus
568 2366 701 2446 tertius
723 2368 836 2459 filuit,
863 2394 910 2462 ex
933 2395 1038 2449 mero
1053 2370 1216 2448 adulm·
1321 2467 1325 2472 .
1356 2466 1359 2473 ¹

194 2496 235 2569 di
261 2480 414 2595 'ingenio
447 2492 618 2569 videatur
650 2490 798 2593 finxisse.
871 2495 928 2570 lta
957 2490 1069 2571 vero.
1091 2493 1215 2578 omnia

191 2616 280 2694 fals'a
303 2614 444 2703 essent,
468 2634 611 2714 praeter
635 2616 935 2716 Topographiam
960 2615 1216 2695 Ausonianam.

195 2744 332 2817 Nonne
358 2759 483 2814 autem
505 2740 651 2815 &haec
668 2738 957 2839 periclitaretur,
984 2728 1217 2843 'aliquamque
1339 2788 1360 2818 i

195 2862 282 2939 fidei
313 2862 485 2938 sublestae
518 2862 753 2965 suspicionem
785 2865 834 2940 ob
870 2867 1026 2943 eandem
1071 2863 1219 2942 causam

197 2989 424 3063 incurreret?
471 2988 654 3087 Deinceps
680 2987 703 3059 fi
729 2986 776 3060 ad
806 2986 962 3087 reliquas
986 2980 1219 3065 circumstan-

198 3112 269 3187 tias
295 3111 470 3209 temporis
497 3134 581 3185 cum
615 3110 812 3209 praecipuo
843 3112 897 3185 rei
928 3132 1122 3187 momento·
1143 3135 1248 3187 nom·

198 3254 279 3311 tam
313 3231 409 3308 aruc
442 3248 624 3310 connexas
664 3234 827 3309 animum
868 3234 1046 3324 aduerte,
1088 3233 1220 3311 lubens

200 3356 339 3460 largior
382 3357 535 3457 potuisse
571 3358 665 3432 haec
699 3341 823 3433 omnia
850 3359 960 3435 unius
985 3355 1112 3435 menfis
1145 3357 1222 3459 spa-

203 3482 258 3557 tio
285 3483 468 3578 expediri,
504 3503 596 3580 quae
622 3465 838 3560 Ammianus
867 3482 1036 3558 describit
1049 3507 1063 3574 3
1101 3502 1141 3557 at
1174 3482 1222 3557 de

200 3603 458 3707 probabilitate
481 3603 596 3680 sermo
621 3626 721 3681 erat:
762 3607 896 3708 Neque
921 3609 1019 3681 enim
1033 3607 1221 3681 Romanos

205 3727 269 3803 sub
295 3728 540 3829 Imperatore,
580 3731 644 3828 qui
670 3730 764 3805 lulio
791 3730 938 3807 Caesari
968 3730 1079 3831 longe
1104 3730 1222 3831 impar
1307 3833 1309 3841 Ι
1376 3782 1378 3787 -

199 3872 287 3929 erat
294 3902 306 3943 ,
352 3851 578 3952 temporibus
609 3852 829 3953 reipublicae
870 3855 1114 3930 iamdudum
1145 3848 1223 3929 eol·
1284 3932 1286 3937 ,
1364 3936 1366 3941 ,

204 3975 342 4077 lapsae,
371 3995 500 4049 contra
511 3974 630 4050 hostes
648 3974 947 4090 bellicosrsfimos,
972 3977 1126 4081 ipfisque
1140 3975 1241 4087 sub-.-

208 4101 295 4177 inde
319 4099 548 4201 superiores,
576 4099 907 4179 tantum=effeciffe
932 4101 1119 4205 probabile
1150 4098 1225 4195 ell,
1274 4141 1277 4150 ·

132 4296 146 4307 ..
210 4244 341 4313 clami
350 4264 438 4308 mun
449 4245 769 4325 ammitditfalnlss.
886 4228 923 4303 Y
1070 4308 1072 4315 ,
1159 4242 1228 4321 π,
