3059 5142
218 694 221 699 .
365 630 454 722 412
523 568 791 691 .-Re1ati·0nes
820 597 1190 723 &obscurationes
1262 644 1265 651 ·
1366 627 1372 635 ·

363 796 543 880 vissimam
567 797 715 901 quidem
739 793 860 886 illam,
887 799 987 874 omni
1003 799 1120 885 studio
1139 802 1382 908 ntihifacienq

304 1006 307 1011 ,
363 927 454 1003 dum
484 923 634 1026 putaui,
672 908 717 995 vt
741 917 1001 1007 Vualdenfium
1034 925 1240 1018 Confeffio,
1284 954 1382 1033 quae

360 1051 436 1125 iam
451 1066 531 1125 etat
545 1040 700 1121 difficilis
715 1042 891 1135 inuentu',
910 1048 1173 1138 recuderetur,
1200 1056 1312 1151 atqu'e
1322 1056 1378 1131 in.

359 1172 594 1273 vulgaretur:
620 1165 720 1266 quod
729 1164 878 1245 minime
890 1170 1217 1274 dubitarem,quin
1232 1197 1376 1267 omnes,

358 1298 637 1399 quibuscunque
659 1290 786 1390 purior
802 1288 964 1367 doctrina
980 1294 1082 1371 cordi
1100 1280 1216 1386 foret,
1245 1297 1305 1373 vel
1327 1321 1375 1375 ex

355 1423 499 1523 primo,
525 1416 644 1517 (quod
661 1415 845 1507 dicitur,)
860 1415 998 1516 gustu,
1014 1440 1088 1494 non
1100 1415 1373 1498 Confeffionem

353 1544 489 1631 modo,
513 1540 571 1615 sed
596 1536 754 1616 Polonos
769 1537 880 1612 etiam
903 1537 1017 1638 ipsos,
1039 1539 1201 1645 aliosque
1217 1542 1373 1645 quicun-

352 1694 426 1772 que
450 1662 590 1743 camin
614 1660 713 1735 suam
742 1658 932 1736 ucclefiam
954 1664 1185 1764 recepissent,
1226 1670 1389 1770 magnis.

352 1785 571 1871 celebraturi
590 1784 759 1861 laudibus
789 1781 922 1873 essent:
965 1811 1008 1861 ac
1038 1790 1195 1890 denique
1223 1812 1367 1891 patrem

307 1938 310 1943 ·
350 1911 540 1991 caelestem
552 1908 738 2008 rogaturi,
764 1926 808 1981 vt
830 1927 907 1981 tarn
924 1908 1015 1985 bene
1038 1933 1188 2011 coeptas
1205 1918 1302 2014 apud
1322 1917 1364 1993 il·

345 2038 403 2117 los
417 2033 655 2113 Ecclefiarum
669 2011 942 2106 instaurationes
966 2032 1124 2125 seruare,
1152 2061 1195 2112 ac
1211 2037 1271 2113 sua
1287 2041 1361 2115 im.

343 2162 466 2238 mensa
481 2158 645 2234 bonitate
661 2177 815 2257 augere,
842 2153 1030 2254 indiesque
1040 2161 1155 2258 magis
1172 2159 1364 2243 fortunare

323 2260 524 2387 ‘dignetuu
578 2277 728 2353 Praeter
748 2300 840 2352 vcro
867 2279 1017 2354 Martini
1043 2281 1215 2372 Lutheri,
1241 2286 1361 2363 Reue-

340 2401 537 2507 rentiiffimi
553 2422 665 2504 atque
678 2395 876 2476 sanfflffimi
902 2402 972 2476 viri
994 2403 1261 2497 testimonium,
1294 2411 1359 2510 qui
1395 2480 1398 2485 ,

337 2534 435 2611 hanc
457 2524 719 2637 Vualdenfium
735 2524 914 2597 rationem
933 2523 1210 2641 Ecclestasticam
1225 2556 1358 2637 appro.

255 2720 260 2732 .
336 2658 442 2734 bauit
458 2672 570 2751 atque
583 2646 877 2735 commendauit,
903 2644 1120 2725 subiicienda
1135 2675 1210 2725 non
1226 2655 1355 2732 imme·

335 2783 409 2857 tito
424 2775 574 2878 putaui,
599 2769 754 2845 aliorum
775 2792 923 2868 quoque
944 2774 1100 2846 maxime
1124 2777 1352 2870 eruditione,

332 2904 494 2980 maxima
510 2898 648 2998 pietate
665 2911 774 2991 atque
789 2895 1165 2995 autoritateyirorum
1192 2899 1352 2976 testimo-

330 3030 412 3116 nia,
437 3021 600 3124 inprimis
617 3014 773 3115 Philippi
781 3016 1075 3094 Melanchthonis
1089 3066 1101 3106 ‚
1113 3021 1260 3094 Martini
1277 3028 1348 3099 Bu.

330 3152 426 3241 ueri,
459 3148 497 3222 ὅ(
514 3140 742 3240 Wolfgangi
768 3137 944 3227 Musculi,
970 3139 1032 3239 qui
1057 3143 1147 3215 mihi
1169 3145 1346 3224 videntur

328 3276 483 3354 eandem
501 3261 769 3342 Confeffionem
785 3265 903 3337 adhuc
919 3263 1058 3360 magis,
1086 3290 1196 3363 quarn
1206 3268 1346 3346 Luthe-

326 3424 409 3488 rus,
434 3393 602 3480 laudare,
629 3413 715 3463 cum
731 3407 853 3460 tamen
863 3383 894 3456 is
910 3381 1122 3484 grauiffimis
1137 3390 1340 3469 verbislau-

325 3522 431 3599 datit.
481 3517 682 3592 Caeterum
705 3530 912 3609 quanquam
925 3508 991 3606 qui
1013 3507 1074 3581 sun
1096 3534 1169 3584 non
1186 3512 1340 3612 ignoro,

323 3665 458 3724 moneo
475 3661 597 3714 tamen
612 3630 781 3710 Ecclefias
796 3629 897 3703 hisce
910 3632 978 3706 XI.
1004 3634 1108 3706 annis
1129 3634 1165 3706 in
1192 3635 1338 3711 Christo

323 3787 489 3852 renatas,
524 3785 570 3836 ne
586 3760 667 3834 satis
683 3751 752 3829 esse
766 3770 919 3852 putent,
946 3756 1048 3854 quod
1071 3755 1338 3856 superstitiones

320 3891 536 3991 Papisticas,
572 3876 1120 3975 abominationesque·..caeteras
1144 3879 1188 3951 ab
1214 3879 1334 3953 Eccle·
1393 3930 1407 3943 .

321 4019 376 4095 uis
393 4015 461 4090 suis
477 4004 671 4085 exturbare
686 4000 895 4101 potuerint,
919 4001 977 4075 sed
998 4022 1042 4077 vt
1064 4001 1110 4075 de
1135 4003 1333 4092 concordi,

321 4144 367 4220 de
389 4160 501 4242 pura,
528 4129 575 4207 de
592 4125 752 4230 genuina
773 4122 837 4203 filii
859 4125 930 4203 uei
948 4126 998 4205 D.
1022 4129 1071 4208 N.
1095 4123 1173 4201 lesu
1197 4125 1332 4201 Christi

1165 4246 1330 4328 dostrina
