<?xml version="1.0" encoding="UTF-8"?>
<!DOCTYPE html PUBLIC "-//W3C//DTD XHTML 1.0 Transitional//EN"
    "http://www.w3.org/TR/xhtml1/DTD/xhtml1-transitional.dtd">
<html xmlns="http://www.w3.org/1999/xhtml" xml:lang="en" lang="en">
 <head>
  <title>
</title>
<meta http-equiv="Content-Type" content="text/html;charset=utf-8" />
  <meta name='ocr-system' content='tesseract 3.04.00' />
  <meta name='ocr-capabilities' content='ocr_page ocr_carea ocr_par ocr_line ocrx_word'/>
</head>
<body>
  <div class='ocr_page' id='page_1' title='image "./henrguilclemmii00clemgoog_0373.png"; bbox 0 0 3059 5142; ppageno 0'>
   <div class='ocr_carea' id='block_1_1' title="bbox 396 520 1318 712">
    <p class='ocr_par' dir='ltr' id='par_1_1' title="bbox 396 520 1318 712">
     <span class='ocr_line' id='line_1_1' title="bbox 396 520 1318 712; baseline 0.003 -33"><span class='ocrx_word' id='word_1_1' title='bbox 396 520 662 681; x_wconf 82' lang='lat' dir='ltr'>¹Memoria</span> <span class='ocrx_word' id='word_1_2' title='bbox 683 571 953 711; x_wconf 74' lang='lat' dir='ltr'>Masuriana.</span> <span class='ocrx_word' id='word_1_3' title='bbox 1125 619 1211 712; x_wconf 76' lang='lat'>357</span> <span class='ocrx_word' id='word_1_4' title='bbox 1316 636 1318 647; x_wconf 93' lang='lat'>·</span> 
     </span>
    </p>
   </div>
   <div class='ocr_carea' id='block_1_2' title="bbox 171 780 1285 3842">
    <p class='ocr_par' dir='ltr' id='par_1_2' title="bbox 176 780 1285 2985">
     <span class='ocr_line' id='line_1_2' title="bbox 193 780 1209 889; baseline 0.003 -28"><span class='ocrx_word' id='word_1_5' title='bbox 193 802 299 863; x_wconf 78' lang='lat' dir='ltr'>tanta</span> <span class='ocrx_word' id='word_1_6' title='bbox 320 785 427 889; x_wconf 91' lang='lat' dir='ltr'>copia</span> <span class='ocrx_word' id='word_1_7' title='bbox 449 785 635 863; x_wconf 84' lang='lat' dir='ltr'>inutilium</span> <span class='ocrx_word' id='word_1_8' title='bbox 658 787 857 864; x_wconf 85' lang='lat' dir='ltr'>verborum</span> <span class='ocrx_word' id='word_1_9' title='bbox 883 780 1056 879; x_wconf 83' lang='lat' dir='ltr'>obruisse,</span> <span class='ocrx_word' id='word_1_10' title='bbox 1079 787 1118 864; x_wconf 89' lang='lat' dir='ltr'>in</span> <span class='ocrx_word' id='word_1_11' title='bbox 1148 790 1209 864; x_wconf 80' lang='lat' dir='ltr'>iis·</span> 
     </span>
     <span class='ocr_line' id='line_1_3' title="bbox 191 909 1210 1017; baseline 0.006 -34"><span class='ocrx_word' id='word_1_12' title='bbox 191 932 267 1010; x_wconf 87' lang='lat' dir='ltr'>que</span> <span class='ocrx_word' id='word_1_13' title='bbox 289 909 474 987; x_wconf 84' lang='lat' dir='ltr'><strong>tradendis</strong></span> <span class='ocrx_word' id='word_1_14' title='bbox 500 932 569 1017; x_wconf 86' lang='lat' dir='ltr'>per</span> <span class='ocrx_word' id='word_1_15' title='bbox 596 926 657 984; x_wconf 90' lang='lat' dir='ltr'>tot</span> <span class='ocrx_word' id='word_1_16' title='bbox 688 933 732 984; x_wconf 90' lang='lat' dir='ltr'>ac</span> <span class='ocrx_word' id='word_1_17' title='bbox 757 930 879 986; x_wconf 85' lang='lat' dir='ltr'>tantas</span> <span class='ocrx_word' id='word_1_18' title='bbox 902 910 1073 1011; x_wconf 78' lang='lat' dir='ltr'>ambages</span> <span class='ocrx_word' id='word_1_19' title='bbox 1095 936 1210 1015; x_wconf 80' lang='lat' dir='ltr'>vaga·</span> 
     </span>
     <span class='ocr_line' id='line_1_4' title="bbox 191 1030 1207 1134; baseline 0.002 -27"><span class='ocrx_word' id='word_1_20' title='bbox 191 1051 252 1107; x_wconf 89' lang='lat' dir='ltr'>tos</span> <span class='ocrx_word' id='word_1_21' title='bbox 277 1032 367 1122; x_wconf 80' lang='lat' dir='ltr'>esse,</span> <span class='ocrx_word' id='word_1_22' title='bbox 408 1053 500 1111; x_wconf 83' lang='lat' dir='ltr'>vta</span> <span class='ocrx_word' id='word_1_23' title='bbox 525 1030 779 1133; x_wconf 88' lang='lat' dir='ltr'>cognoscendo</span> <span class='ocrx_word' id='word_1_24' title='bbox 811 1056 927 1134; x_wconf 87' lang='lat' dir='ltr'>prope</span> <span class='ocrx_word' id='word_1_25' title='bbox 961 1032 1207 1125; x_wconf 74' lang='lat' dir='ltr'>deterrerent,</span> 
     </span>
     <span class='ocr_line' id='line_1_5' title="bbox 188 1152 1208 1257; baseline 0.005 -28"><span class='ocrx_word' id='word_1_26' title='bbox 188 1154 345 1257; x_wconf 88' lang='lat' dir='ltr'>plusque</span> <span class='ocrx_word' id='word_1_27' title='bbox 369 1155 502 1233; x_wconf 85' lang='lat' dir='ltr'>laboris</span> <span class='ocrx_word' id='word_1_28' title='bbox 528 1156 566 1231; x_wconf 81' lang='lat' dir='ltr'>dr</span> <span class='ocrx_word' id='word_1_29' title='bbox 592 1153 778 1229; x_wconf 86' lang='lat' dir='ltr'>molestiae</span> <span class='ocrx_word' id='word_1_30' title='bbox 804 1152 892 1230; x_wconf 89' lang='lat' dir='ltr'>esset</span> <span class='ocrx_word' id='word_1_31' title='bbox 909 1154 1149 1231; x_wconf 88' lang='lat' dir='ltr'>sustinendum</span> <span class='ocrx_word' id='word_1_32' title='bbox 1168 1162 1208 1234; x_wconf 88' lang='lat' dir='ltr'>in</span> 
     </span>
     <span class='ocr_line' id='line_1_6' title="bbox 187 1275 1206 1379; baseline 0 -26"><span class='ocrx_word' id='word_1_33' title='bbox 187 1280 464 1377; x_wconf 85' lang='lat' dir='ltr'>cognoscendo,</span> <span class='ocrx_word' id='word_1_34' title='bbox 491 1303 601 1379; x_wconf 88' lang='lat' dir='ltr'>quarn</span> <span class='ocrx_word' id='word_1_35' title='bbox 624 1275 794 1354; x_wconf 74' lang='lat' dir='ltr'>Vtilitatis</span> <span class='ocrx_word' id='word_1_36' title='bbox 820 1278 904 1353; x_wconf 89' lang='lat' dir='ltr'>inde</span> <span class='ocrx_word' id='word_1_37' title='bbox 928 1277 1069 1379; x_wconf 79' lang='lat' dir='ltr'>sperari&#39;</span> <span class='ocrx_word' id='word_1_38' title='bbox 1088 1277 1206 1379; x_wconf 89' lang='lat' dir='ltr'>posset</span> 
     </span>
     <span class='ocr_line' id='line_1_7' title="bbox 185 1401 1206 1502; baseline 0.002 -25"><span class='ocrx_word' id='word_1_39' title='bbox 185 1402 227 1477; x_wconf 89' lang='lat' dir='ltr'>in</span> <span class='ocrx_word' id='word_1_40' title='bbox 251 1405 405 1501; x_wconf 89' lang='lat' dir='ltr'>agendo.</span> <span class='ocrx_word' id='word_1_41' title='bbox 458 1404 627 1500; x_wconf 79' lang='lat' dir='ltr'>Qubus,</span> <span class='ocrx_word' id='word_1_42' title='bbox 653 1416 875 1501; x_wconf 88' lang='lat' dir='ltr'>quamquam</span> <span class='ocrx_word' id='word_1_43' title='bbox 899 1401 1100 1502; x_wconf 74' lang='lat' dir='ltr'>ingeniosis,</span> <span class='ocrx_word' id='word_1_44' title='bbox 1115 1402 1206 1502; x_wconf 89' lang='lat' dir='ltr'>quin</span> 
     </span>
     <span class='ocr_line' id='line_1_8' title="bbox 185 1523 1236 1626; baseline 0 -27"><span class='ocrx_word' id='word_1_45' title='bbox 185 1524 299 1599; x_wconf 82' lang='lat' dir='ltr'>etiarn</span> <span class='ocrx_word' id='word_1_46' title='bbox 322 1524 548 1626; x_wconf 88' lang='lat' dir='ltr'>praeferendi</span> <span class='ocrx_word' id='word_1_47' title='bbox 574 1525 659 1614; x_wconf 78' lang='lat' dir='ltr'>snt,</span> <span class='ocrx_word' id='word_1_48' title='bbox 687 1526 750 1624; x_wconf 90' lang='lat' dir='ltr'>qui</span> <span class='ocrx_word' id='word_1_49' title='bbox 765 1524 858 1600; x_wconf 89' lang='lat' dir='ltr'>bene</span> <span class='ocrx_word' id='word_1_50' title='bbox 875 1523 1037 1623; x_wconf 86' lang='lat' dir='ltr'>cogitata</span> <span class='ocrx_word' id='word_1_51' title='bbox 1055 1526 1102 1599; x_wconf 88' lang='lat' dir='ltr'>ad</span> <span class='ocrx_word' id='word_1_52' title='bbox 1120 1549 1206 1626; x_wconf 85' lang='lat' dir='ltr'>per·</span> <span class='ocrx_word' id='word_1_53' title='bbox 1227 1561 1236 1579; x_wconf 75' lang='lat'>=</span> 
     </span>
     <span class='ocr_line' id='line_1_9' title="bbox 184 1642 1205 1751; baseline -0.004 -30"><span class='ocrx_word' id='word_1_54' title='bbox 184 1645 414 1746; x_wconf 82' lang='lat' dir='ltr'>spicuitatem</span> <span class='ocrx_word' id='word_1_55' title='bbox 438 1650 620 1738; x_wconf 82' lang='lat' dir='ltr'>breuiter,</span> <span class='ocrx_word' id='word_1_56' title='bbox 646 1648 685 1721; x_wconf 80' lang='lat' dir='ltr'>dt</span> <span class='ocrx_word' id='word_1_57' title='bbox 710 1646 757 1722; x_wconf 85' lang='lat' dir='ltr'>ad</span> <span class='ocrx_word' id='word_1_58' title='bbox 780 1642 1036 1727; x_wconf 72' lang='lat' dir='ltr'>obsedlandum</span> <span class='ocrx_word' id='word_1_59' title='bbox 1056 1647 1205 1751; x_wconf 85' lang='lat' dir='ltr'>elegan.</span> 
     </span>
     <span class='ocr_line' id='line_1_10' title="bbox 182 1764 1220 1872; baseline 0.004 -28"><span class='ocrx_word' id='word_1_60' title='bbox 182 1786 262 1861; x_wconf 88' lang='lat' dir='ltr'>tet,</span> <span class='ocrx_word' id='word_1_61' title='bbox 288 1771 471 1872; x_wconf 81' lang='lat' dir='ltr'>explicare</span> <span class='ocrx_word' id='word_1_62' title='bbox 494 1768 646 1872; x_wconf 80' lang='lat' dir='ltr'>poslint,</span> <span class='ocrx_word' id='word_1_63' title='bbox 672 1795 747 1847; x_wconf 91' lang='lat' dir='ltr'>non</span> <span class='ocrx_word' id='word_1_64' title='bbox 775 1764 854 1847; x_wconf 85' lang='lat' dir='ltr'>sinit</span> <span class='ocrx_word' id='word_1_65' title='bbox 877 1792 945 1847; x_wconf 86' lang='lat' dir='ltr'>nos</span> <span class='ocrx_word' id='word_1_66' title='bbox 961 1769 1129 1865; x_wconf 86' lang='lat' dir='ltr'>dubitare</span> <span class='ocrx_word' id='word_1_67' title='bbox 1143 1786 1220 1849; x_wconf 77' lang='lat' dir='ltr'>ree¹</span> 
     </span>
     <span class='ocr_line' id='line_1_11' title="bbox 181 1891 1204 1996; baseline 0.003 -28"><span class='ocrx_word' id='word_1_68' title='bbox 181 1892 225 1969; x_wconf 77' lang='grc' dir='ltr'>δι</span> <span class='ocrx_word' id='word_1_69' title='bbox 249 1895 356 1970; x_wconf 88' lang='lat' dir='ltr'>ratio.</span> <span class='ocrx_word' id='word_1_70' title='bbox 411 1898 509 1971; x_wconf 88' lang='lat' dir='ltr'>Nam</span> <span class='ocrx_word' id='word_1_71' title='bbox 542 1920 628 1972; x_wconf 88' lang='lat' dir='ltr'>cum</span> <span class='ocrx_word' id='word_1_72' title='bbox 673 1891 859 1972; x_wconf 76' lang='lat' dir='ltr'>dodlrinae</span> <span class='ocrx_word' id='word_1_73' title='bbox 886 1896 1001 1972; x_wconf 87' lang='lat' dir='ltr'>studia</span> <span class='ocrx_word' id='word_1_74' title='bbox 1042 1893 1204 1996; x_wconf 76' lang='lat' dir='ltr'>spedlent</span> 
     </span>
     <span class='ocr_line' id='line_1_12' title="bbox 180 2016 1226 2128; baseline 0.005 -37"><span class='ocrx_word' id='word_1_75' title='bbox 180 2016 376 2094; x_wconf 83' lang='lat' dir='ltr'>hominurn</span> <span class='ocrx_word' id='word_1_76' title='bbox 406 2019 625 2109; x_wconf 74' lang='lat' dir='ltr'>utilitatem,</span> <span class='ocrx_word' id='word_1_77' title='bbox 657 2020 845 2120; x_wconf 87' lang='lat' dir='ltr'>adquam</span> <span class='ocrx_word' id='word_1_78' title='bbox 876 2018 1038 2095; x_wconf 88' lang='lat' dir='ltr'>referunt</span> <span class='ocrx_word' id='word_1_79' title='bbox 1069 2016 1226 2128; x_wconf 84' lang='lat' dir='ltr'>intelli·¹</span> 
     </span>
     <span class='ocr_line' id='line_1_13' title="bbox 180 2141 1285 2244; baseline 0.005 -28"><span class='ocrx_word' id='word_1_80' title='bbox 180 2142 343 2241; x_wconf 85' lang='lat' dir='ltr'>gentiam</span> <span class='ocrx_word' id='word_1_81' title='bbox 369 2142 467 2219; x_wconf 82' lang='lat' dir='ltr'>suam</span> <span class='ocrx_word' id='word_1_82' title='bbox 492 2146 817 2244; x_wconf 85' lang='lat' dir='ltr'>prudentiamque,</span> <span class='ocrx_word' id='word_1_83' title='bbox 844 2141 960 2240; x_wconf 91' lang='lat' dir='ltr'>quiin</span> <span class='ocrx_word' id='word_1_84' title='bbox 982 2142 1027 2218; x_wconf 85' lang='lat' dir='ltr'>iis</span> <span class='ocrx_word' id='word_1_85' title='bbox 1052 2142 1202 2221; x_wconf 81' lang='lat' dir='ltr'>honeste</span> <span class='ocrx_word' id='word_1_86' title='bbox 1282 2156 1285 2167; x_wconf 89' lang='lat'>&#39;</span> 
     </span>
     <span class='ocr_line' id='line_1_14' title="bbox 178 2252 1200 2363; baseline 0.005 -23"><span class='ocrx_word' id='word_1_87' title='bbox 178 2264 392 2355; x_wconf 83' lang='lat' dir='ltr'>versantur,</span> <span class='ocrx_word' id='word_1_88' title='bbox 416 2266 547 2342; x_wconf 84' lang='lat' dir='ltr'>melius</span> <span class='ocrx_word' id='word_1_89' title='bbox 569 2264 639 2341; x_wconf 82' lang='lat' dir='ltr'>esse</span> <span class='ocrx_word' id='word_1_90' title='bbox 668 2252 807 2343; x_wconf 84' lang='lat' dir='ltr'>clarum</span> <span class='ocrx_word' id='word_1_91' title='bbox 833 2262 911 2354; x_wconf 89' lang='lat' dir='ltr'>est,</span> <span class='ocrx_word' id='word_1_92' title='bbox 955 2252 1056 2363; x_wconf 85' lang='lat' dir='ltr'>quod</span> <span class='ocrx_word' id='word_1_93' title='bbox 1085 2266 1200 2345; x_wconf 81' lang='lat' dir='ltr'>etiam</span> 
     </span>
     <span class='ocr_line' id='line_1_15' title="bbox 180 2384 1200 2489; baseline 0 -24"><span class='ocrx_word' id='word_1_94' title='bbox 180 2389 317 2465; x_wconf 84' lang='lat' dir='ltr'>Cicero</span> <span class='ocrx_word' id='word_1_95' title='bbox 340 2392 481 2465; x_wconf 88' lang='lat' dir='ltr'>iudicat</span> <span class='ocrx_word' id='word_1_96' title='bbox 502 2389 598 2485; x_wconf 78' lang='lat' dir='ltr'><em>(Off.</em></span> <span class='ocrx_word' id='word_1_97' title='bbox 620 2388 651 2465; x_wconf 91' lang='lat' dir='ltr'>I.</span> <span class='ocrx_word' id='word_1_98' title='bbox 682 2391 765 2489; x_wconf 67' lang='lat'>44)</span> <span class='ocrx_word' id='word_1_99' title='bbox 790 2384 914 2487; x_wconf 84' lang='lat' dir='ltr'>eloqui</span> <span class='ocrx_word' id='word_1_100' title='bbox 938 2388 1050 2478; x_wconf 87' lang='lat' dir='ltr'>bene,</span> <span class='ocrx_word' id='word_1_101' title='bbox 1083 2391 1200 2465; x_wconf 86' lang='lat' dir='ltr'>modo</span> 
     </span>
     <span class='ocr_line' id='line_1_16' title="bbox 178 2506 1223 2613; baseline 0.006 -27"><span class='ocrx_word' id='word_1_102' title='bbox 178 2512 402 2613; x_wconf 86' lang='lat' dir='ltr'>prudenter,</span> <span class='ocrx_word' id='word_1_103' title='bbox 438 2535 549 2612; x_wconf 86' lang='lat' dir='ltr'>quam</span> <span class='ocrx_word' id='word_1_104' title='bbox 581 2511 641 2587; x_wconf 83' lang='lat' dir='ltr'>vel</span> <span class='ocrx_word' id='word_1_105' title='bbox 671 2506 870 2586; x_wconf 84' lang='lat' dir='ltr'>acutiffime</span> <span class='ocrx_word' id='word_1_106' title='bbox 896 2511 966 2589; x_wconf 78' lang='lat' dir='ltr'>stne</span> <span class='ocrx_word' id='word_1_107' title='bbox 989 2510 1223 2610; x_wconf 86' lang='lat' dir='ltr'>eloquentia.</span> 
     </span>
     <span class='ocr_line' id='line_1_17' title="bbox 177 2632 1256 2736; baseline -0.003 -25"><span class='ocrx_word' id='word_1_108' title='bbox 177 2638 343 2736; x_wconf 85' lang='lat' dir='ltr'>cogitare</span> <span class='ocrx_word' id='word_1_109' title='bbox 350 2661 364 2726; x_wconf 83' lang='lat'>3</span> <span class='ocrx_word' id='word_1_110' title='bbox 388 2635 488 2736; x_wconf 87' lang='lat' dir='ltr'>quod</span> <span class='ocrx_word' id='word_1_111' title='bbox 509 2635 686 2734; x_wconf 87' lang='lat' dir='ltr'>cogitatio</span> <span class='ocrx_word' id='word_1_112' title='bbox 712 2638 750 2710; x_wconf 90' lang='lat' dir='ltr'>in</span> <span class='ocrx_word' id='word_1_113' title='bbox 775 2633 809 2709; x_wconf 87' lang='lat' dir='ltr'>se</span> <span class='ocrx_word' id='word_1_114' title='bbox 831 2634 905 2734; x_wconf 71' lang='lat' dir='ltr'>ipn</span> <span class='ocrx_word' id='word_1_115' title='bbox 918 2634 1096 2726; x_wconf 84' lang='lat' dir='ltr'>vertitur,</span> <span class='ocrx_word' id='word_1_116' title='bbox 1117 2632 1200 2735; x_wconf 83' lang='lat' dir='ltr'>elu-</span> <span class='ocrx_word' id='word_1_117' title='bbox 1252 2698 1256 2708; x_wconf 91' lang='lat'><em>.</em></span> 
     </span>
     <span class='ocr_line' id='line_1_18' title="bbox 176 2754 1197 2859; baseline 0.005 -27"><span class='ocrx_word' id='word_1_118' title='bbox 176 2761 330 2858; x_wconf 85' lang='lat' dir='ltr'>quentia</span> <span class='ocrx_word' id='word_1_119' title='bbox 352 2758 461 2848; x_wconf 90' lang='lat' dir='ltr'>alios,</span> <span class='ocrx_word' id='word_1_120' title='bbox 502 2760 634 2859; x_wconf 88' lang='lat' dir='ltr'>quibus</span> <span class='ocrx_word' id='word_1_121' title='bbox 669 2754 834 2858; x_wconf 82' lang='lat' dir='ltr'>prodesse</span> <span class='ocrx_word' id='word_1_122' title='bbox 859 2761 1034 2836; x_wconf 86' lang='lat' dir='ltr'>debemus</span> <span class='ocrx_word' id='word_1_123' title='bbox 1060 2782 1104 2835; x_wconf 89' lang='lat' dir='ltr'>ac</span> <span class='ocrx_word' id='word_1_124' title='bbox 1128 2780 1197 2837; x_wconf 76' lang='lat' dir='ltr'>vo·</span> 
     </span>
     <span class='ocr_line' id='line_1_19' title="bbox 177 2881 1185 2985; baseline -0.006 -28"><span class='ocrx_word' id='word_1_125' title='bbox 177 2881 328 2971; x_wconf 81' lang='lat' dir='ltr'>sumus,</span> <span class='ocrx_word' id='word_1_126' title='bbox 355 2882 621 2985; x_wconf 71' lang='lat' dir='ltr'>compledlitur.</span> <span class='ocrx_word' id='word_1_127' title='bbox 1181 2928 1185 2951; x_wconf 60' lang='lat' dir='ltr'>r</span> 
     </span>
    </p>

    <p class='ocr_par' dir='ltr' id='par_1_3' title="bbox 171 3004 1231 3842">
     <span class='ocr_line' id='line_1_20' title="bbox 280 3004 1196 3108; baseline 0.003 -28"><span class='ocrx_word' id='word_1_128' title='bbox 280 3008 326 3081; x_wconf 85' lang='lat' dir='ltr'>Et</span> <span class='ocrx_word' id='word_1_129' title='bbox 350 3031 425 3082; x_wconf 91' lang='lat' dir='ltr'>non</span> <span class='ocrx_word' id='word_1_130' title='bbox 450 3011 605 3083; x_wconf 84' lang='lat' dir='ltr'>dicimus</span> <span class='ocrx_word' id='word_1_131' title='bbox 629 3005 674 3079; x_wconf 91' lang='lat' dir='ltr'>de</span> <span class='ocrx_word' id='word_1_132' title='bbox 700 3004 781 3095; x_wconf 88' lang='lat' dir='ltr'>his,</span> <span class='ocrx_word' id='word_1_133' title='bbox 803 3006 865 3104; x_wconf 89' lang='lat' dir='ltr'>qui</span> <span class='ocrx_word' id='word_1_134' title='bbox 891 3007 937 3079; x_wconf 88' lang='lat' dir='ltr'>ab</span> <span class='ocrx_word' id='word_1_135' title='bbox 965 3004 1025 3079; x_wconf 88' lang='lat' dir='ltr'>illa</span> <span class='ocrx_word' id='word_1_136' title='bbox 1051 3006 1196 3108; x_wconf 89' lang='lat' dir='ltr'>elegan-</span> 
     </span>
     <span class='ocr_line' id='line_1_21' title="bbox 175 3128 1195 3223; baseline 0.002 -19"><span class='ocrx_word' id='word_1_137' title='bbox 175 3129 232 3205; x_wconf 89' lang='lat' dir='ltr'>tia</span> <span class='ocrx_word' id='word_1_138' title='bbox 256 3128 438 3223; x_wconf 83' lang='lat' dir='ltr'>destituti,</span> <span class='ocrx_word' id='word_1_139' title='bbox 475 3134 586 3205; x_wconf 85' lang='lat' dir='ltr'>etiam</span> <span class='ocrx_word' id='word_1_140' title='bbox 614 3130 759 3202; x_wconf 88' lang='lat' dir='ltr'>inanem</span> <span class='ocrx_word' id='word_1_141' title='bbox 788 3150 910 3202; x_wconf 88' lang='lat' dir='ltr'>rerum</span> <span class='ocrx_word' id='word_1_142' title='bbox 937 3151 1116 3203; x_wconf 90' lang='lat' dir='ltr'>nouarum</span> <span class='ocrx_word' id='word_1_143' title='bbox 1149 3132 1195 3206; x_wconf 89' lang='lat' dir='ltr'>ab</span> 
     </span>
     <span class='ocr_line' id='line_1_22' title="bbox 173 3246 1196 3352; baseline 0 -25"><span class='ocrx_word' id='word_1_144' title='bbox 173 3251 212 3329; x_wconf 86' lang='lat' dir='ltr'>se</span> <span class='ocrx_word' id='word_1_145' title='bbox 236 3253 469 3336; x_wconf 88' lang='lat' dir='ltr'>inuentarum</span> <span class='ocrx_word' id='word_1_146' title='bbox 507 3246 718 3352; x_wconf 89' lang='lat' dir='ltr'>opinionem</span> <span class='ocrx_word' id='word_1_147' title='bbox 756 3248 968 3350; x_wconf 78' lang='lat' dir='ltr'>suscipiunt:</span> <span class='ocrx_word' id='word_1_148' title='bbox 1008 3252 1110 3351; x_wconf 89' lang='lat' dir='ltr'>quod</span> <span class='ocrx_word' id='word_1_149' title='bbox 1142 3251 1196 3327; x_wconf 90' lang='lat' dir='ltr'>so·</span> 
     </span>
     <span class='ocr_line' id='line_1_23' title="bbox 172 3372 1196 3477; baseline 0 -28"><span class='ocrx_word' id='word_1_150' title='bbox 172 3374 298 3451; x_wconf 89' lang='lat' dir='ltr'>lemne</span> <span class='ocrx_word' id='word_1_151' title='bbox 320 3378 421 3450; x_wconf 87' lang='lat' dir='ltr'>omni</span> <span class='ocrx_word' id='word_1_152' title='bbox 447 3396 567 3451; x_wconf 85' lang='lat' dir='ltr'>aetate</span> <span class='ocrx_word' id='word_1_153' title='bbox 591 3373 814 3477; x_wconf 89' lang='lat' dir='ltr'>philosophis</span> <span class='ocrx_word' id='word_1_154' title='bbox 828 3372 897 3448; x_wconf 88' lang='lat' dir='ltr'>suit</span> <span class='ocrx_word' id='word_1_155' title='bbox 905 3396 918 3463; x_wconf 85' lang='lat'>3</span> <span class='ocrx_word' id='word_1_156' title='bbox 944 3399 1029 3449; x_wconf 87' lang='lat' dir='ltr'>curn</span> <span class='ocrx_word' id='word_1_157' title='bbox 1045 3394 1196 3474; x_wconf 88' lang='lat' dir='ltr'>propter</span> 
     </span>
     <span class='ocr_line' id='line_1_24' title="bbox 172 3495 1196 3604; baseline -0.001 -29"><span class='ocrx_word' id='word_1_158' title='bbox 172 3495 355 3575; x_wconf 85' lang='lat' dir='ltr'>inscitiam</span> <span class='ocrx_word' id='word_1_159' title='bbox 376 3500 468 3574; x_wconf 89' lang='lat' dir='ltr'>bene</span> <span class='ocrx_word' id='word_1_160' title='bbox 493 3504 532 3576; x_wconf 90' lang='lat'><strong>&amp;</strong></span> <span class='ocrx_word' id='word_1_161' title='bbox 556 3500 744 3604; x_wconf 83' lang='lat' dir='ltr'>eleganter</span> <span class='ocrx_word' id='word_1_162' title='bbox 768 3496 953 3597; x_wconf 92' lang='lat' dir='ltr'>cogitandi</span> <span class='ocrx_word' id='word_1_163' title='bbox 980 3518 1024 3572; x_wconf 91' lang='lat' dir='ltr'>ac</span> <span class='ocrx_word' id='word_1_164' title='bbox 1050 3497 1196 3574; x_wconf 86' lang='lat' dir='ltr'>dicendi</span> 
     </span>
     <span class='ocr_line' id='line_1_25' title="bbox 171 3619 1195 3723; baseline -0.004 -25"><span class='ocrx_word' id='word_1_165' title='bbox 171 3620 378 3698; x_wconf 87' lang='lat' dir='ltr'>verborum</span> <span class='ocrx_word' id='word_1_166' title='bbox 403 3623 597 3723; x_wconf 88' lang='lat' dir='ltr'>potestates</span> <span class='ocrx_word' id='word_1_167' title='bbox 622 3623 769 3699; x_wconf 78' lang='lat' dir='ltr'>virtutus</span> <span class='ocrx_word' id='word_1_168' title='bbox 795 3645 869 3696; x_wconf 91' lang='lat' dir='ltr'>non</span> <span class='ocrx_word' id='word_1_169' title='bbox 902 3619 1195 3721; x_wconf 87' lang='lat' dir='ltr'>assequerentur,</span> 
     </span>
     <span class='ocr_line' id='line_1_26' title="bbox 172 3742 1231 3842; baseline 0 -23"><span class='ocrx_word' id='word_1_170' title='bbox 172 3742 294 3842; x_wconf 86' lang='lat' dir='ltr'>iisque</span> <span class='ocrx_word' id='word_1_171' title='bbox 317 3761 456 3823; x_wconf 89' lang='lat' dir='ltr'>temere</span> <span class='ocrx_word' id='word_1_172' title='bbox 479 3750 650 3837; x_wconf 86' lang='lat' dir='ltr'>mutatis,</span> <span class='ocrx_word' id='word_1_173' title='bbox 677 3745 875 3821; x_wconf 86' lang='lat' dir='ltr'>autetiam</span> <span class='ocrx_word' id='word_1_174' title='bbox 893 3747 1000 3821; x_wconf 89' lang='lat' dir='ltr'>nouis</span> <span class='ocrx_word' id='word_1_175' title='bbox 1024 3763 1194 3821; x_wconf 85' lang='lat' dir='ltr'>veterum</span> <span class='ocrx_word' id='word_1_176' title='bbox 1228 3802 1231 3807; x_wconf 84' lang='lat'>.</span> 
     </span>
    </p>
   </div>
   <div class='ocr_carea' id='block_1_3' title="bbox 173 3866 1320 3972">
    <p class='ocr_par' dir='ltr' id='par_1_4' title="bbox 173 3866 1320 3972">
     <span class='ocr_line' id='line_1_27' title="bbox 173 3866 1320 3972; baseline -0.002 -29"><span class='ocrx_word' id='word_1_177' title='bbox 173 3888 303 3943; x_wconf 83' lang='lat' dir='ltr'>terum</span> <span class='ocrx_word' id='word_1_178' title='bbox 326 3871 448 3946; x_wconf 87' lang='lat' dir='ltr'>verbis</span> <span class='ocrx_word' id='word_1_179' title='bbox 473 3871 711 3972; x_wconf 85' lang='lat' dir='ltr'>excogitatis,</span> <span class='ocrx_word' id='word_1_180' title='bbox 737 3884 927 3966; x_wconf 87' lang='lat' dir='ltr'>putarent,</span> <span class='ocrx_word' id='word_1_181' title='bbox 955 3866 1118 3945; x_wconf 81' lang='lat' dir='ltr'>senonas</span> <span class='ocrx_word' id='word_1_182' title='bbox 1134 3885 1193 3941; x_wconf 76' lang='lat' dir='ltr'>ree</span> <span class='ocrx_word' id='word_1_183' title='bbox 1317 3902 1320 3913; x_wconf 93' lang='lat'>·</span> 
     </span>
    </p>
   </div>
   <div class='ocr_carea' id='block_1_4' title="bbox 173 3988 1195 4313">
    <p class='ocr_par' dir='ltr' id='par_1_5' title="bbox 173 3988 1195 4313">
     <span class='ocr_line' id='line_1_28' title="bbox 173 3988 1195 4095; baseline -0.004 -30"><span class='ocrx_word' id='word_1_184' title='bbox 173 3988 326 4091; x_wconf 88' lang='lat' dir='ltr'>iugenio</span> <span class='ocrx_word' id='word_1_185' title='bbox 348 3995 574 4094; x_wconf 84' lang='lat' dir='ltr'>excogitatas</span> <span class='ocrx_word' id='word_1_186' title='bbox 602 3988 805 4095; x_wconf 89' lang='lat' dir='ltr'>protulisse,</span> <span class='ocrx_word' id='word_1_187' title='bbox 830 3991 868 4065; x_wconf 93' lang='lat' dir='ltr'>in</span> <span class='ocrx_word' id='word_1_188' title='bbox 892 4012 1046 4081; x_wconf 82' lang='lat' dir='ltr'>numero</span> <span class='ocrx_word' id='word_1_189' title='bbox 1062 3990 1195 4065; x_wconf 87' lang='lat' dir='ltr'>inuen-</span> 
     </span>
     <span class='ocr_line' id='line_1_29' title="bbox 173 4111 1195 4219; baseline -0.004 -26"><span class='ocrx_word' id='word_1_190' title='bbox 173 4130 304 4193; x_wconf 81' lang='lat' dir='ltr'>toturn</span> <span class='ocrx_word' id='word_1_191' title='bbox 329 4114 365 4193; x_wconf 89' lang='lat' dir='ltr'>se</span> <span class='ocrx_word' id='word_1_192' title='bbox 388 4114 631 4212; x_wconf 85' lang='lat' dir='ltr'>collocarent,</span> <span class='ocrx_word' id='word_1_193' title='bbox 656 4132 780 4219; x_wconf 81' lang='lat' dir='ltr'>atque¹</span> <span class='ocrx_word' id='word_1_194' title='bbox 794 4115 943 4209; x_wconf 74' lang='lat' dir='ltr'>ceteris,</span> <span class='ocrx_word' id='word_1_195' title='bbox 964 4111 1028 4214; x_wconf 83' lang='lat' dir='ltr'>qui</span> <span class='ocrx_word' id='word_1_196' title='bbox 1042 4128 1101 4189; x_wconf 78' lang='lat' dir='ltr'>res</span> <span class='ocrx_word' id='word_1_197' title='bbox 1125 4113 1195 4189; x_wconf 86' lang='lat' dir='ltr'>du·</span> 
     </span>
     <span class='ocr_line' id='line_1_30' title="bbox 1010 4236 1192 4313; baseline 0.011 -2"><span class='ocrx_word' id='word_1_198' title='bbox 1010 4286 1014 4293; x_wconf 89' lang='lat'><em>-</em></span> <span class='ocrx_word' id='word_1_199' title='bbox 1101 4236 1192 4313; x_wconf 85' lang='lat' dir='ltr'>dum</span> 
     </span>
    </p>
   </div>
   <div class='ocr_carea' id='block_1_5' title="bbox 0 0 1534 5142">
    <p class='ocr_par' dir='ltr' id='par_1_6' title="bbox 0 0 1534 5142">
     <span class='ocr_line' id='line_1_31' title="bbox 0 0 1534 5142; baseline 0 7"><span class='ocrx_word' id='word_1_200' title='bbox 0 0 1534 5142; x_wconf 95' lang='lat' dir='ltr'> </span> 
     </span>
    </p>
   </div>
  </div>
 </body>
</html>
