3059 5142
260 606 263 611 -
322 547 497 664 Imperio
517 545 562 635 in
575 568 718 635 nemos
732 520 812 654 non
824 541 1080 635 volitatorio·
1149 569 1202 659 91

132 688 136 715 ,

132 718 287 827 ἰᾶσω
325 744 404 835 est,
440 745 587 821 unicam
614 744 725 819 huius
752 740 826 817 olei
856 761 1022 843 guttam,
1052 740 1205 819 infusam
1258 778 1260 783 ·
1296 808 1299 827 ,.
1373 826 1377 835 ,

182 890 339 975 apertae
362 868 441 946 viui
464 862 628 945 animalis
642 846 920 970 venaessmilem
936 856 1107 941 offellum
1122 870 1204 945 ede·
1251 882 1253 887 '
1310 923 1329 961 ·.
1404 938 1409 957 ,

183 1019 223 1072 re
233 1019 250 1087 3
295 1014 420 1069 tamen
457 993 623 1091 quotidie
665 991 836 1066 nouimus
871 1014 936 1090 per
965 1013 1034 1079 os,
1079 990 1203 1067 fauces

179 1117 436 1223 oesophagum
462 1118 500 1193 δι
525 1095 796 1204 uentriculum,
836 1111 955 1189 forsan
990 1113 1029 1191 &
1052 1117 1125 1191 on's
1150 1117 1204 1189 in·
1281 1098 1284 1105 “

181 1243 281 1321 terni
311 1241 532 1316 resorbentia
562 1237 713 1325 vascula
737 1240 886 1336 impune
907 1234 1051 1316 ¹misceri
1073 1241 1203 1317 humo·

181 1391 268 1443 mm
290 1363 426 1444 massae
450 1363 574 1441 oleum
591 1365 665 1441 hoc
690 1360 1035 1462 pertabacophilos.
1094 1364 1202 1440 Leta·
1256 1361 1287 1397 ⁸·

182 1489 230 1567 lia
256 1488 322 1567 illa
353 1487 645 1565 Bantamenfium
670 1484 766 1577 tela,
802 1509 896 1586 quae
920 1481 1098 1561 leuiffimo
1120 1487 1203 1563 vul·
1266 1514 1270 1522 ¹

181 1637 272 1689 nere
288 1613 540 1688 indubitatam
573 1607 735 1685 inferunt
764 1632 949 1699 mortem,
983 1608 1098 1685 infusa
1113 1613 1201 1689 vino

182 1735 305 1811 alioue
326 1734 465 1835 liquore
483 1759 550 1836 per
574 1732 696 1832 plures
715 1734 792 1825 dies
822 1733 961 1819 nullam
974 1733 1127 1834 xliquido
1147 1737 1201 1809 in·
1231 1734 1235 1743 ’

158 1859 377 1939 'duxerunt‘
398 1858 689 1963 malignitatem,
713 1858 770 1954 ‚iu
802 1881 877 1963 quo
904 1859 1048 1939 tamdiu
1074 1857 1201 1973 baele.-

1088 2001 1195 2074 rant,

183 2248 186 2253 ·
252 2233 346 2296 perto
362 2212 550 2278 ventriculo?
578 2217 676 2304 Qis,
703 2219 748 2279 vti
761 2238 778 2285 e
790 2218 932 2297 valsalione
951 2217 1060 2278 schedis
1079 2218 1199 2295 posthu-

253 2321 314 2381 mis
335 2318 424 2402 refen
448 2333 737 2390 MORGAGst,
774 2321 943 2400 persuadeat
956 2319 1027 2388 fibi,
1050 2320 1130 2398 poffe
1154 2321 1198 2382 vi·
1309 2364 1314 2375 ,
1378 2384 1384 2401 .

192 2468 196 2473 -
252 2442 327 2484 rum
339 2423 561 2503 septuagenario
585 2426 745 2495 maiorem,
771 2425 856 2498 nullo
870 2423 1051 2489 laborantem
1070 2425 1197 2494 morbo,

251 2525 310 2586 nisa
328 2525 409 2604 quod
421 2547 474 2604 per
486 2525 597 2604 aliquot
611 2547 703 2589 annos
711 2520 860 2587 incederet
872 2525 1058 2607 languidius,
1087 2529 1120 2589 ln
1139 2529 1198 2590 eol·

250 2623 462 2713 loquiicearde
473 2629 679 2716 responderet,
697 2630 847 2709 debilique
863 2628 1025 2690 admodum
1034 2631 1099 2717 visu
1113 2631 1198 2703 effer,

251 2732 349 2792 subin
375 2750 542 2809 correptum
567 2734 720 2812 apoplexia
743 2733 823 2794 letali
851 2751 965 2812 praeter
988 2735 1118 2794 multum
1143 2756 1198 2814 per

190 2852 193 2857 ’
250 2834 366 2895 cerebri
390 2837 572 2897 ventriculos
600 2836 726 2896 effusum
753 2837 927 2917 sanguinem
956 2835 1062 2897 offerre
1085 2839 1197 2900 cerebri
1247 2869 1251 2876 ·
1310 2875 1315 2891 ι

249 2937 440 2999 substantiam
455 2939 491 3000 ad
514 2940 653 2999 extimam
673 2958 767 3018 usque
787 2940 966 3016 superficiem
985 2940 1097 3008 erulam
1122 2942 1197 3019 alte,

187 3066 190 3071 ·
250 3058 283 3101 ac
296 3058 445 3119 praeterea
464 3042 497 3102 in
514 3043 606 3102 latum
626 3040 663 3103 ad
679 3041 777 3120 pugni
796 3040 975 3110 dimidium,
1000 3043 1041 3104 ita
1057 3032 1196 3123 quidem,
1313 3082 1322 3113 ae

248 3161 283 3204 vt
301 3143 393 3204 erofio
413 3145 539 3205 maxime
567 3144 728 3206 thalamum
753 3144 841 3204 neren
872 3146 962 3222 optici
983 3145 1121 3207 dextrum
1148 3167 1195 3208 oc·
1250 3136 1252 3140 ¹

166 3300 172 3309 .
248 3245 390 3325 cuperet?
402 3247 565 3329 Qmmodo
578 3249 778 3327 concipiemus
791 3248 970 3308 sanationem
985 3251 1132 3331 integram
1142 3248 1195 3308 bo·

246 3349 387 3418 minum,
408 3352 517 3428 quibus
531 3352 648 3410 treiesto
666 3370 719 3427 per
738 3348 918 3426 superiorem
933 3353 1012 3412 oculi
1026 3349 1151 3411 orbite'm
1161 3353 1195 3411 in

247 3449 404 3511 cerebrum
421 3455 563 3530 plumbeo
586 3451 712 3533 globulo
727 3453 856 3511 multum
880 3455 953 3514 laesa
970 3451 1028 3512 fuit
1048 3453 1194 3534 oblonga·

247 3552 446 3631 m‘medulla?
468 3557 540 3636 Quis
558 3575 661 3617 canem
676 3552 728 3613 fibi
750 3557 895 3632 concipiat
910 3574 963 3633 per
976 3556 1082 3615 multas
1107 3554 1194 3618 horos

246 3648 408 3737 vegetum,
429 3658 477 3716 cui
499 3660 674 3725 cerebellum
693 3655 843 3734 profunde
860 3657 966 3719 laesum
983 3658 1090 3727 ell;&
1104 3644 1194 3720 liuius

245 3760 290 3819 rei
305 3760 504 3836 experimenta
523 3779 620 3821 tamen
638 3758 790 3838 prostant?
818 3761 894 3845 Qais
915 3761 1049 3822 cerebelli
1069 3762 1193 3825 vulnera

132 3927 134 3943 ἶ
245 3861 395 3941 personari
419 3863 499 3942 polle
520 3862 642 3932 statuat,
672 3863 716 3923 vti
742 3876 1002 3927 VESLINGIVS
1024 3884 1093 3924 cum
1112 3866 1192 3926 Cairi
1258 3848 1275 3901 .'

132 4021 134 4028 ,
246 3982 414 4031 moraretur
431 3967 464 4027 in
490 3969 645 4047 Aegypto,
669 3965 767 4025 senem
784 3965 987 4042 Abyllinum,·
1003 3968 1050 4027 cui
1078 3968 1192 4028 acinace
1244 3950 1246 3957 Ι

132 4112 135 4145 :
245 4067 331 4128 iuxta
341 4055 703 4131 lambdoideam‘suturam
710 4068 820 4128 vulnus
834 4086 894 4129 erat
910 4069 1074 4137 inllic‘lum,
1095 4068 1188 4147 quod,

132 4227 136 4237 .
244 4164 404 4251 utramque
422 4173 586 4252 peruadens
602 4171 798 4253 meningem,
820 4171 1048 4247 cerebellnmpad
1059 4170 1189 4232 duorum
1207 4217 1218 4250 -,

1062 4273 1189 4354 ¹digito·

1094 4558 1102 4582 ,·
1183 4543 1191 4574 Ι
