3059 5142
165 701 169 711 ,
273 600 363 691 430
433 560 455 573 ”
485 564 711 667 Relatioues
733 568 786 665 ἐφ’
808 562 1105 689 obseruatjom
1149 578 1153 605 .

253 832 256 837 .
274 765 392 843 (lierni
416 787 504 840 cum
527 762 683 867 pristinis
698 785 774 839 non
797 763 912 841 client
927 764 1053 861 iidem.
1102 758 1321 872 „Adeoqne'

263 888 306 988 st
325 886 403 964 dies
421 884 605 965 naturales
627 913 759 992 quoque
786 886 1046 983 decrescerent,
1077 917 1123 965 ex
1145 888 1307 987 obstrua-

274 1007 430 1090 tionibus
453 1037 638 1114 earumqne
653 1009 804 1105 solicita
827 1017 1088 1111 comparatione
1112 1040 1191 1090 cum
1213 1022 1327 1121 pri·¹

262 1137 375 1235 llinis
395 1130 507 1239 plone
537 1130 636 1213 nihil
649 1152 722 1237 pro
744 1131 973 1213 decrementis
996 1139 1124 1253 annuis
1154 1135 1304 1231 definiri

266 1260 427 1363 Pllffllm
1182 1262 1185 1267 Ι
1310 1364 1313 1371 Ι

129 1378 133 1385 ’
206 1390 211 1432 -’
365 1383 545 1487 Supposui
587 1385 626 1461 in
658 1384 733 1459 hoc
757 1385 802 1479 p,
830 1382 1144 1473 obseruationibus
1166 1374 1313 1467 confici

267 1506 734 1611 polle,quodannilubinde
743 1507 966 1600 decrescant3
980 1532 1055 1608 quo
1064 1508 1301 1590 casudierum
1326 1498 1337 1505 ”

182 1662 188 1669 ·
266 1631 1301 1732 decrementumconcluderemrmagisquamobseruare'·

265 1776 350 1848 tur3
366 1758 452 1877 Νη
467 1757 565 1845 dies,
582 1755 769 1831 breuiores
781 1754 887 1845 fani,
906 1777 1062 1830 numero
1085 1756 1200 1850 iidem
1226 1760 1309 1837 elle‘

263 1879 434 1983 poliunt,
461 1879 714 1980 quamtumvis
748 1900 990 1979 aggregatum
1031 1879 1169 1978 ipsum,
1222 1885 1297 1962 fiue

262 2027 403 2095 annus,
428 2004 690 2093 imminuatur3
708 2014 792 2099 360.
811 2002 945 2102 gradus
972 2002 1200 2089 constituunt
1224 2008 1296 2083 cir·

262 2125 391 2204 culum
414 2126 621 2200 maximum
647 2124 686 2201 &
711 2125 906 2200 minimum
914 2148 928 2217 3
981 2127 1051 2201 Sed
1074 2151 1112 2203 1n
1136 2130 1293 2207 minimo

261 2249 405 2326 circulo
429 2250 565 2351 gradus
597 2247 661 2348 ipfi
694 2246 776 2322 sunt
802 2248 914 2322 etiam
947 2249 1111 2341 minimi,
1155 2255 1294 2355 quippe
1338 2321 1341 2327 .

259 2375 325 2477 qui
350 2374 388 2449 in
413 2374 557 2451 ratione
583 2370 808 2449 circulorum
835 2370 1060 2450 decrescune
1128 2356 1235 2475 Haec
1266 2378 1292 2453 fi

211 2550 219 2559 ·
258 2498 308 2577 ad
331 2520 470 2574 annum
492 2496 740 2598 applicemus,
762 2495 974 2572 vveritatem
1006 2498 1138 2599 prioris
1165 2499 1289 2578 allerti

257 2618 366 2699 facile
391 2619 666 2722 perspiciemus.

359 2748 436 2820 lam
460 2758 552 2820 vero
580 2762 711 2818 notum
737 2740 807 2834 est,
833 2741 934 2844 quod
959 2742 1083 2844 plures
1116 2745 1286 2823 obserua-

253 2870 376 2948 tiones
384 2865 626 2943 Ptolemaicas
641 2866 841 2964 inldubium
857 2844 1017 2958 vocent}
1044 2873 1159 2945 immo
1168 2873 1283 2946 etiam

255 2994 341 3070 anni
366 2993 613 3093 quantitatem
653 2990 739 3065 inde
773 2993 819 3066 ab
848 2992 1064 3093 Hipparcho
1090 2995 1137 3068 ad
1161 2994 1284 3094 nostra

122 3137 126 3144 '
252 3140 373 3218 vsque
399 3136 570 3217 tempora
595 3115 749 3193 eandem
774 3139 837 3217 per
856 3115 1126 3194 obseruationes
1151 3119 1282 3218 depre-

149 3310 152 3319 .
252 3240 388 3328 bandi,
416 3238 621 3316 constanter
645 3236 856 3313 alleuerent.
914 3239 983 3313 His
1018 3239 1155 3342 aliquid
1191 3242 1280 3315 dan-

250 3364 352 3449 dum¹
367 3360 439 3438 effe
464 3362 613 3450 censeo,
640 3380 750 3460 atque
763 3361 956 3438 Problema
971 3365 1023 3439 ita
1049 3364 1278 3458 soluendum,

249 3508 297 3568 vt
320 3510 390 3562 nec
413 3487 458 3575 ii,
487 3488 550 3588 qui
575 3511 713 3562 annum
735 3482 962 3563 constantem
987 3485 1153 3589 fingunt,
1180 3488 1276 3565 solu·

250 3613 393 3689 tionem
415 3609 609 3686 fastidiant.
1274 3600 1279 3615 ’

352 3734 408 3810 Sit
433 3735 513 3824 ita3
555 3732 744 3809 contineat
781 3731 901 3809 noster
932 3760 1048 3814 annus
1081 3729 1144 3814 tot
1167 3761 1274 3839 prae·

149 3954 152 3958 A
250 3858 323 3936 cise
346 3860 525 3959 temporis
539 3855 737 3945 articulos,
773 3876 866 3955 quot
884 3883 1000 3936 annus
1014 3844 1274 3964 Hipparcheus

180 4032 183 4039 ,
250 3983 436 4061 continuit
443 4004 458 4073 3
485 3979 621 4059 Valeat
654 3978 893 4059 Ptoremaeus
926 4008 1012 4062 cum
1045 3984 1115 4062 suis
1149 3986 1273 4063 obser·

249 4106 460 4188 vationibus
491 4106 614 4209 minus
635 4101 734 4187 relic
772 4103 956 4194 institutis
1020 4111 1127 4219 Quid
1159 4113 1271 4203 iodea

1210 4243 1271 4320 An
