3059 5142
350 584 437 707 455
680 577 832 705 thels‘ni
885 573 1006 665 Semo
1068 688 1085 703 Ι,

242 786 246 793 “
344 766 553 877 perimentis
582 770 683 846 omni
711 771 902 847 ratiocinio
940 739 1180 861 summioribus
1217 763 1350 845 confir·

345 919 446 1001 mat,
475 920 659 995 nunquam
691 899 760 975 elie
791 921 857 997 per
882 894 1117 977 accidentales
1145 895 1355 971 nominatas·

348 1028 469 1111 causas
500 1010 710 1107 mutabilem
740 1004 910 1109 libiarum
942 1026 981 1100 u
1007 1006 1203 1139 solidumm
1235 997 1352 1112 nostri

160 1128 169 1275 ,¹
228 1156 241 1178 ²
349 1157 514 1259 corporis
538 1155 618 1229 viui
633 1175 881 1253 compagem,
919 1134 1084 1248 adeoque
1108 1174 1178 1229 nec
1208 1154 1355 1250 legem,

249 1372 254 1381 ‚
345 1290 458 1366 cuius.
473 1288 643 1364 executio
674 1288 756 1363 hac..
772 1287 1061 1363 immutabilitate
1088 1285 1235 1372 nititur,
1264 1281 1353 1357 scili·

303 1506 308 1511 ¹
349 1430 410 1492 cet
432 1414 459 1490 s1
482 1427 603 1490 cetera
624 1415 716 1508 sint,
752 1429 992 1519 maneantque
1024 1417 1148 1510 paria,
1179 1411 1354 1516 nullaque

347 1542 407 1617 vis
431 1540 597 1631 omnibus
621 1516 815 1616 nominatis
838 1543 971 1625 maior,
1003 1540 1066 1612 vel
1090 1551 1261 1630 externa,
1289 1539 1372 1613 vel-

278 1702 284 1713 ’
349 1664 577 1743 internatas
602 1658 732 1752 fibras,
760 1666 852 1741 haec
874 1665 985 1742 solida
1008 1669 1047 1741 in
1071 1678 1191 1771 totum
1215 1657 1356 1762 soluat,

348 1792 609 1888 destinatque,
651 1813 760 1887 quare
798 1793 883 1867 dum
913 1795 983 1897 hus
1017 1792 1234 1869 admittimus
1267 1793 1355 1870 sano

350 1918 450 1997 sensu
481 1918 736 1996 climadtericos
770 1940 914 2014 annos,
953 1920 1045 1994 adeo
1077 1943 1160 1998 nou
1188 1921 1359 1998 affoticae

351 2046 451 2123 vitae
474 2026 650 2140 pollicem
665 2046 883 2138 premimus,
918 2046 1015 2138 quali
1039 2070 1132 2121 vero
1150 2062 1261 2177 *tra
1284 2047 1356 2125 hos

349 2158 670 2250 annos-moriendi
690 2167 790 2243 nulla
813 2183 921 2265 porta
944 2170 979 2243 dt
1004 2173 1151 2259 occasio¹
1164 2156 1278 2269 silet,
1311 2152 1356 2252 ut

352 2300 476 2399 potius
505 2293 551 2407 ad
579 2294 735 2400 animum
757 2314 932 2393 reuocare
962 2295 1053 2370 serio
1078 2321 1290 2377 moneamus
1316 2333 1359 2385 οι

350 2443 453 2503 mnes
477 2417 615 2494 nostras
640 2420 896 2520 limitationes,
921 2436 1098 2522 tantoque
1120 2437 1253 2531 magis,
1267 2455 1359 2528 quo.

353 2551 450 2648 niam
473 2549 560 2622 licet
585 2546 728 2642 prorsus
760 2552 916 2639 conuidi
948 2555 1161 2645 afferamus:
1194 2564 1272 2639 dari
1296 2589 1357 2643 an·

353 2696 423 2755 nos
439 2672 730 2763 elimadlericos,
765 2676 811 2749 de
841 2699 995 2756 numero
1026 2697 1147 2763 tamen
1183 2691 1354 2789 allignato

350 2799 522 2910 hkadieuus
544 2799 630 2873 hinc
653 2799 688 2871 &
713 2801 797 2875 inde
821 2804 1044 2904 dubitamus,
1071 2838 1154 2892 cum
1178 2822 1238 2897 vis
1262 2846 1359 2916 pou·

320 2975 329 2991 .
351 2924 478 3001 derum
502 2925 587 2998 huie
610 2924 865 3022 affigendomm
890 2939 1092 3016 credulitati
1114 2931 1160 3019 ex
1183 2953 1288 3025 unita
1315 2955 1356 3028 vi

353 3050 553 3127 multorum
575 3073 774 3148 annorum,
802 3055 837 3128 δι
860 3063 1061 3152 myriadum
1083 3069 1358 3156 obseruatorum

404 3175 573 3272 pendeat.
654 3179 767 3266 Haec.
783 3198 903 3262 autem
928 3189 1069 3272 dehoc
1092 3168 1308 3301 augumentu

703 3308 825 3403 dixiffe
848 3313 1012 3410 sufficiat!
