3059 5142
359 470 467 661 ,aa
631 539 891 655 ..lan-Aug.
915 540 1081 662 amesa·
1138 673 1142 681 μ

354 742 446 819 certi
468 715 516 817 ab
532 735 673 814 incerto
687 737 938 827 discernendi,
963 760 1110 821 morum
1123 736 1375 831 notandorum

353 863 528 954 artificio,
553 859 812 937 sententiarum
836 880 1005 960 aptatum
1029 883 1163 940 ornatu
1181 863 1374 963 probatur,

343 990 412 1071 ¹sed
439 986 551 1063 etiam
573 1008 708 1086 genere
738 984 914 1067 scribendi
942 984 1113 1079 sumone,
1137 990 1374 1089 germanico,

353 1112 459 1187 cuius
480 1134 526 1185 ea
544 1106 596 1184 est
617 1106 819 1209 elegantia,
845 1130 891 1187 vt
910 1109 1082 1211 exemplo
1105 1112 1167 1202 fit,
1190 1113 1294 1211 quod
1310 1137 1374 1191 ne-

342 1257 413 1319 ¹mo
450 1231 530 1335 post
560 1228 600 1306 in
634 1231 767 1306 eodem
803 1257 938 1333 genere
967 1231 1149 1313 assecutus
1176 1235 1373 1321 videatur:

351 1358 443 1432 adeo
468 1353 567 1430 abest
591 1352 786 1454 avulgari·
803 1356 894 1431 talia-
922 1357 1156 1435 scribentium
1183 1357 1372 1461 negligen-

348 1482 423 1569 tia,
449 1480 551 1556 &ab
575 1498 784 1555 ceterorum
807 1474 961 1557 mollitie
992 1482 1227 1558 &nouandi
1252 1504 1369 1564 teme·

347 1606 469 1679 ritate.
534 1603 577 1677 ln
616 1602 903 1677 Commentariis
936 1626 1062 1681 autem
1103 1627 1203 1697 cum
1233 1610 1366 1685 eadem

347 1726 472 1803 omnia
494 1725 616 1800 insunt
640 1725 760 1814 bona,
790 1750 811 1800 a
833 1745 957 1800 rerum
979 1725 1146 1818 deleuit,
1172 1729 1212 1806 δι
1233 1753 1366 1807 earun-

343 1851 427 1923 dem
445 1844 719 1923 traliandarum'
728 1847 864 1938 modo,
890 1867 972 1924 tum
994 1853 1068 1927 hoe
1099 1854 1219 1929 maius
1246 1858 1366 1955 etiam

337 1971 544 2073 elegantiae
568 1971 834 2047 documentum
856 1972 1014 2065 habent,
1037 1999 1113 2076 quo
1135 1975 1208 2052 fuit
1228 1973 1362 2053 diffici-

340 2096 411 2171 lius
435 2120 457 2170 e
481 2093 547 2171 tali
567 2094 723 2170 materia
749 2091 933 2172 delell'um
966 2096 1196 2198 probabilem·
1216 2097 1361 2195 faeere,

338 2223 378 2297 δι
406 2243 480 2319 res¹
497 2237 576 2301 tam
600 2238 738 2319 ¹tenues
768 2220 959 2295 rudiorum
988 2242 1200 2322 temporum
1235 2223 1361 2324 aliqua

337 2344 458 2444 gratia
474 2339 682 2421 'lelloribus
704 2344 974 2423 commendam,
1024 2345 1144 2444 Atque
1164 2344 1279 2422 etiam
1302 2373 1360 2425 ce-

332 2468 408 2545 'teri
429 2466 562 2557 libelli,
584 2491 661 2543 nen
683 2486 760 2541 tam
780 2464 830 2543 ad
850 2465 985 2572 ingenii
1001 2463 1261 2568 dolltinaeque
1279 2470 1360 2572 glo·

301 2664 305 2671 1
336 2593 427 2685 riam
449 2590 734 2689 comparandam
758 2584 900 2691 scripti,
922 2612 1034 2689 quam
1050 2590 1096 2663 ad
1119 2590 1357 2671 institutionis

337 2712 564 2788 scholasticae
587 2707 855 2802 neceffitatem,
879 2730 924 2787 vt
950 2712 1040 2786 Iuris
1070 2713 1207 2814 publici
1229 2714 1357 2795 feuda·

334 2838 452 2937 lisque
479 2834 743 2931 institutiones,
768 2837 808 2915 in
830 2832 891 2908 illa
913 2833 984 2934 ipsa
1002 2840 1182 2917 tenuitate
1197 2836 1356 2917 elemen-

336 2962 405 3036 tari
435 2981 559 3035 tamen
588 2959 746 3063 aliquam
776 2959 913 3035 habent
941 2957 1143 3061 elegantiae
1167 2985 1356 3039 commen·

335 3087 544 3175 dationem,
567 3105 663 3186 quae
687 3084 733 3159 ab
755 3082 884 3162 ceteris
906 3104 952 3159 ex
974 3102 1136 3182 utroque
1164 3077 1298 3187 genere
1311 3085 1354 3161 li·

202 3302 205 3307 ¹
333 3210 405 3284 bris
436 3207 555 3296 abest,
588 3209 626 3282 in
653 3208 784 3307 quibus
809 3205 902 3295 adeo
933 3229 1009 3280 non
1041 3204 1132 3281 solet
1159 3204 1232 3283 esse
1263 3232 1353 3285 cura

333 3333 453 3438 aliqua
474 3331 698 3433 elegantiae,
721 3349 766 3407 vt
787 3329 899 3407 etiam
919 3328 1009 3423 tiata
1029 3351 1142 3428 opera
1163 3330 1352 3407 barbariae

334 3446 528 3556 stribligine
574 3456 614 3530 ἃ
658 3450 821 3533 sordibus
859 3450 987 3538 referti
1027 3449 1098 3527 effe
1136 3453 1349 3531 videantur.

210 3670 213 3676 ³
325 3582 499 3683 Denique
522 3577 697 3679 quiequid
723 3574 786 3652 ille
819 3574 879 3651 fibi
911 3571 1142 3651 tra&andum
1168 3575 1208 3652 &
1233 3575 1348 3655 lituris

329 3700 585 3807 explicandum
613 3688 801 3790 sumserat,
841 3699 947 3775 cuius
977 3700 1119 3801 generis
1152 3697 1238 3776 sunt
1267 3726 1348 3802 per·

329 3826 465 3916 multa,
508 3822 571 3903 vel
597 3823 643 3898 ad
665 3819 877 3917 historiam,
916 3821 977 3900 vel
1002 3825 1049 3900 ad
1071 3825 1129 3902 ius
1155 3823 1346 3924 publicum

300 4022 302 4026 Α
329 3946 570 4051 bertincuria,
594 3947 633 4047 id
653 3945 767 4022 habet
788 3947 978 4047 proprium
993 3946 1134 4040 veluti,
1160 3945 1346 4027 chanlie-

328 4100 406 4151 rem
430 4071 632 4176 elegantiae
664 4068 882 4172 exquisitae,
919 4044 1065 4175 subque¹
1085 4071 1165 4153 eiua
1198 4069 1344 4149 calamo

572 4222 576 4227 '
1231 4213 1344 4279 ettam
