3059 5142
390 572 434 659 de
455 570 653 705 Lerpoduuo
677 567 969 701 Alamannorum.
1060 662 1063 671 ἱ
1092 587 1174 693 513
1220 625 1223 631 .

168 773 217 833 ut
239 763 397 854 apprime
419 782 502 839 cum
524 764 584 850 iis,
615 785 705 856 quae
728 784 773 861 erp
790 763 980 857 Ammiano
1001 784 1115 857 aeque
1143 783 1186 838 ao

169 880 328 968 Auuno
351 869 512 979 de'hoc,
539 887 651 979 quod.
668 885 895 979 quaerimus,
918 887 1068 976 praelio
1099 904 1178 957 eru·

173 1021 300 1078 untur.
417 1007 465 1080 Et
493 1009 597 1082 Nicer
626 1007 787 1098 fluuius,
814 1006 849 1079 u
875 1002 1094 1106 Lupodunum
1126 993 1186 1101 ea?

173 1127 306 1220 strum,
335 1128 535 1204 &Donido
546 1125 682 1224 forres,
706 1131 744 1201 in
767 1129 832 1205 his¹
851 1128 1016 1211 confiniis
1049 1132 1183 1203 conue-

176 1252 256 1325 nire
280 1251 463 1325 videntur.
545 1252 733 1352 Quisquis
764 1249 803 1323 in
828 1253 1000 1350 Mappam
1027 1251 1186 1353 Geog'ra·
1220 1249 1224 1258 '

173 1373 326 1468 phicam‘
347 1373 545 1446 coniecerit
570 1375 724 1475 oculosp
750 1394 892 1448 mecum
920 1375 1017 1449 haud
1037 1352 1187 1477 difficul-

177 1512 236 1566 ter
262 1497 382 1568 faciet.
497 1490 682 1569 Exadius·
702 1497 823 1570 omnia
855 1496 1128 1591 conspirabunt,
1161 1493 1188 1573 st

175 1619 257 1711 quis
280 1620 316 1689 in
339 1617 665 1718 menningo-ianam
689 1616 903 1723 descendere
926 1621 1088 1693 voluerit
1112 1616 1186 1697 sen·

178 1742 330 1812 tentiam
339 1789 358 1831 ,ι
382 1740 441 1831 qui
469 1722 706 1833 argumento,
733 1741 897 1833 pondere
915 1755 1021 1845 ¹certe
1040 1764 1116 1817 non
1130 1748 1190 1817 de·

175 1854 332 1961 stitutio,
349 1862 503 1955 probare
524 1874 675 1935 conatus
698 1861 770 1954 est,
786 1885 916 1937 verum
931 1865 1090 1938 Danubii
1107 1864 1187 1941 fon·
1252 1940 1254 1945 ,

180 1998 279 2075 tem,
304 2006 380 2057 uon
406 1981 475 2061 effe
503 1985 541 2058 in
567 1984 776 2079 scaturigine
800 1987 862 2058 illa
891 1978 1188 2093 Doneschingeofi,

181 2123 225 2178 ut
253 2108 453 2179 communis
489 2105 540 2207 est
579 2104 781 2211 sententia,
817 2106 1085 2200 quaerendumr
1132 2108 1191 2181 sed

179 2206 547 2328 Brigucum-fluuium
563 2206 685 2320 potius
705 2248 833 2304 verum
859 2223 927 2300 effe
949 2212 1191 2322 reputandum

183 2349 400 2442 Danubium,
427 2351 640 2443 fontemque
659 2351 812 2444 proinde
832 2352 988 2425 fluminis
1011 2348 1192 2429 vastiffimi

186 2493 207 2542 e
225 2475 373 2569 regione
390 2473 603 2559 Monusterii
625 2476 681 2583 d)
691 2469 831 2574 Georgii
851 2472 920 2544 oss'e
941 2476 1190 2567 repetendum.
1304 2556 1312 2569 ,

181 2593 362 2687 Equidem
390 2610 535 2690 ex'quo
556 2584 1050 2700 sciturigiiiem-deoantatam
1073 2598 1189 2672 Done-

182 2714 336 2820 [cdiogoe
357 2719 429 2813 ipse
459 2720 534 2796 sum
560 2699 737 2812 intuitus,
775 2716 1016 2827 &drigarum
1038 2713 1191 2796 fluuium

185 2822 278 2912 cum<
291 2842 475 2916 adiacente
498 2840 764 2937 contemplatus
785 2838 859 2915 sum
872 2825 1053 2939 regione,
1080 2866 1137 2917 me
1156 2848 1195 2918 iu

183 2963 298 3043 istam,
313 2963 523 3039 seutentiam
552 2950 821 3073 propensiorem
838 2963 924 3059 effe
954 2964 1086 3038 fadum
1115 2987 1194 3041 nou

183 3072 373 3177 diffiteor..
438 3085 493 3158 At
519 3072 637 3189 multo
659 3078 1017 3187 propinquius·abest
1044 3085 1110 3158 iste
1139 3086 1194 3158 lo·

133 3213 140 3221 '
186 3228 273 3299 cus,
301 3192 407 3299 'qum
419 3203 670 3310 Donescbinga,
696 3207 820 3285 avico
837 3203 981 3310 Sulgau,
996 3208 1103 3302 quem
1124 3230 1194 3303 pro

189 3327 541 3406 Soliciniovenditari
561 3328 680 3425 potio,
705 3330 807 3424 supra
827 3329 978 3403 conieci.
1080 3308 1215 3432 Quid'
1265 3422 1269 3428 ,
1308 3367 1314 3380 ·

188 3451 274 3545 quid
297 3472 387 3523 vero
416 3452 458 3526 fit
482 3451 587 3527 huius
608 3455 680 3548 rei,
706 3444 928 3551 lupodunum
953 3465 1052 3526 terte
1079 3451 1193 3530 Solici-

136 3563 151 3573 ’
186 3574 245 3651 m'o
265 3575 300 3644 δι
316 3575 426 3649 Nicro
443 3575 475 3646 ἃ
487 3564 637 3670 fontibus
657 3575 734 3674 istri
757 3562 939 3667 uioin'um,
964 3578 1003 3650 in
1031 3575 1099 3650 hac
1131 3598 1195 3672 po·

186 3699 282 3788 tius,
310 3718 415 3789 quam
436 3694 706 3801 Ladeuburgenst
729 3697 985 3790 reperiundum
1007 3699 1060 3772 est
1080 3703 1195 3798 regio-
1268 3771 1270 3776 ,

187 3840 248 3893 ne.
339 3818 487 3911 Saepius
512 3821 732 3916 interrogaui
755 3843 801 3894 ex
826 3821 966 3916 amicis,
991 3820 1123 3896 horum
1144 3824 1197 3895 io·

190 3964 319 4015 corum
347 3943 482 4037 gnaris,
510 3944 692 4036 numquid¹
709 3943 977 4038 Antiquom,
1004 3966 1096 4039 quae
1121 3945 1196 4020 Ro·

188 4085 316 4140 manos
349 4062 566 4160 spectarent,
579 4066 911 4145 monumentorum
937 4066 1071 4144 ibidem
1097 4069 1196 4140 inue-
1241 4075 1243 4080 '

1076 4191 1196 4265 niatur
1316 4242 1326 4257 .
1374 4217 1379 4233 ’
