3059 5142
333 579 534 695 ‘Imperio
553 560 833 699 inaertaor'nr'n
843 580 1081 675 voluntario.
1090 586 1098 599 ”
1166 616 1244 682 111
1345 582 1350 601 '

231 773 457 880 potissimum
466 779 540 852 huc
551 778 724 852 redeunt:
749 781 858 855 rubet
869 779 984 856 subito
999 781 1131 875 facies,
1158 808 1248 861 mox

233 902 348 978 etiarn
370 900 502 1002 pallet,
537 900 634 976 oculi
659 903 756 979 torui
769 901 860 978 sunt
882 904 920 978 δι
943 909 1245 1004 protuberantes,

1111 1051 1252 1108 micon--

315 1222 429 1303 juffus,
445 1225 513 1305 quia
521 1220 660 1285 fefellerat
672 1224 855 1297 Dominum,
874 1225 949 1287 intra
959 1223 1091 1288 triduum
1102 1198 1246 1287 extinslus

313 1329 378 1397 est,
400 1324 442 1386 vti
463 1322 549 1387 refert
566 1329 727 1388 Generosus
742 1327 779 1389 de
797 1339 964 1388 HALLER
980 1329 1013 1387 in
1031 1328 1245 1390 commentariis

313 1428 521 1493 Boerhauianis
544 1428 579 1489 ad
594 1416 803 1490 institutiones.
829 1432 979 1491 Rastiacus
1002 1431 1073 1491 scire
1098 1421 1244 1515 cupiduS,

313 1534 450 1614 quianam
470 1524 572 1592 acriter
592 1532 755 1610 pugnando
769 1532 802 1592 in
821 1531 1246 1594 obfidioneBudaeoccubuis·

313 1636 372 1703 set,
393 1652 578 1711 compertus,
597 1631 681 1695 firiffe
702 1653 802 1699 carum
821 1633 998 1703 sibifilium‚
1034 1653 1168 1695 moerore
1188 1633 1245 1695 suit

314 1738 460 1798 extinctus
491 1736 523 1795 in
550 1734 679 1795 eiusdem
702 1735 851 1797 cadauere.
900 1738 944 1799 Ita
965 1737 1138 1797 bertrannus
1168 1736 1245 1797 subi·

313 1859 375 1900 tarn
402 1837 544 1898 tristitiam
574 1855 699 1897 mortem
728 1838 870 1925 earcepiffe
892 1839 1043 1919 perhibet,
1074 1844 1245 1904 abortume

295 1960 471 2009 ·tnoerore,
496 1942 549 2020 qui
566 1939 668 2000 accidit
679 1937 805 2004 feminae
821 1963 875 2022 per
890 1943 1020 2023 quinque
1038 1946 1149 2007 menses
1178 1956 1249 2026 gre·¹

312 2045 422 2113 vidae,
443 2044 594 2122 multaque
612 2043 698 2112 hinc,
721 2063 813 2123 eaque
832 2047 996 2127 grauill‘tma
1016 2066 1098 2109 enata
1116 2047 1243 2125 sympro-

309 2168 411 2217 mata,
431 2140 546 2225 prolixe
562 2146 688 2206 recenset
704 2147 735 2206 in
746 2149 779 2207 E.
795 2151 833 2208 N.
857 2149 891 2210 C.
901 2149 1049 2209 Dominus
1062 2149 1242 2231 denotabo,

309 2253 450 2315 Medicus
477 2250 553 2308 inter
577 2249 727 2308 Heluetios
753 2250 883 2311 celebris.
934 2252 1114 2331 berengerus
1134 2254 1243 2331 pariter

309 2358 450 2419 abortum
474 2372 491 2411 e
511 2349 622 2410 tristitia
648 2370 792 2412 memorat
818 2352 984 2414 excitatum.
1010 2342 1118 2415 Forsar't
1155 2354 1242 2415 etiam

309 2460 347 2521 ad
368 2442 535 2519 moe'rorem
560 2452 666 2530 spectat
685 2453 735 2513 illa
757 2453 962 2516 Heluetiorum
989 2456 1121 2525 tristitia,
1153 2455 1241 2517 vehe·
1332 2526 1334 2531 .

308 2560 485 2623 mentissrnro
504 2573 596 2634 nupta
612 2552 775 2626 defiderio,
794 2555 876 2635 quod
891 2557 974 2630 juxta
993 2563 1162 2638 Ziringerum
1172 2559 1242 2640 gig·

308 2667 355 2726 nit
372 2650 495 2742 speciem
511 2659 599 2721 febris
614 2659 754 2728 alicuius,
779 2657 900 2739 eiusque
915 2661 1071 2741 eliquando
1088 2662 1152 2722 satis
1174 2681 1241 2723 atu·
1340 2690 1342 2697 ·

308 2786 375 2836 tae,
395 2765 449 2825 snb
465 2784 538 2844 qua,
558 2763 631 2823 dum
648 2763 751 2824 absunt
765 2782 782 2822 a
798 2763 907 2838 patria,
926 2765 1157 2835 contabescunt;
1187 2766 1247 2825 vo·'

309 2888 392 2934 catur
403 2868 523 2927 morbus
539 2864 825 2944 pothoparridalgia,
853 2866 901 2924 vel
918 2868 1068 2947 noslalgia.
1138 2852 1142 2859 ¹

349 2973 392 3032 lta
405 2971 490 3048 plura
499 2970 565 3029 sunt
580 2968 712 3044 exempla
720 2966 830 3025 subitae
839 2969 958 3038 mortis,
979 2991 1143 3032 moerorem
1168 2992 1238 3032 con·

308 3078 421 3140 secutae
439 3098 491 3155 per
512 3074 635 3134 modum
655 3064 841 3148 apoplexiae,
881 3072 1081 3159 praecipan
1103 3073 1241 3145 muliebri

306 3180 388 3244 sexu.
429 3176 596 3240 Rondelerius
614 3190 778 3234 amoerore
791 3171 943 3250 catalepsrn
964 3175 1127 3236 obseruauit
1136 3175 1168 3235 in
1186 3196 1240 3254 pu-

306 3287 365 3347 clla
373 3285 435 3349 XV.
448 3299 604 3342 annorum.
646 3274 824 3335 Moeslitiam
839 3271 951 3335 febrem
961 3278 1240 3357 maligntmexaspt·

306 3407 423 3450 tantem
454 3382 588 3445 describit
611 3378 783 3446 Riedlinus3
810 3376 964 3436 Schenlcius
990 3381 1097 3440 nobilis
1124 3379 1240 3440 iuuenis

305 3492 476 3568 exemplum
490 3485 598 3555 heber,
632 3482 685 3562 qui
704 3484 745 3543 ob
765 3480 877 3539 crimen
901 3480 1020 3571 capitale
1038 3482 1071 3542 in
1096 3500 1240 3542 carcerem
1354 3496 1357 3503 '

304 3590 455 3656 coniectus
471 3592 503 3652 bt
517 3588 552 3648 ad
561 3605 692 3667 mortem
715 3582 868 3643 damnatus
884 3602 901 3643 e
918 3581 1048 3653 tristitie,
1079 3585 1241 3663 mortisque

306 3696 432 3758 horrore
448 3695 534 3754 vnioa
549 3691 633 3749 notre
652 3686 787 3747 canitiem
804 3685 958 3747 contraxit.
995 3685 1095 3744 Simile
1106 3684 1239 3764 quidob·

306 3798 417 3860 seruari
433 3817 449 3855 e
466 3795 557 3855 nimia
572 3789 785 3856 sollicitudine.
813 3789 910 3857 curis,
947 3788 1108 3857 anxietate,
1138 3808 1183 3847 res
1199 3785 1241 3848 est

306 3901 437 3963 maxime
448 3895 613 3959 familiaris:
631 3892 699 3953 hinc
714 3892 801 3951 etiarn
823 3888 882 3960 iis,
918 3890 1025 3970 quibus
1045 3889 1165 3971 angusta
1188 3886 1239 3948 do·

305 4004 352 4066 mi
374 4022 417 4062 res
436 4000 493 4069 est,
516 4018 570 4060 nec
585 3997 684 4057 omnia
705 3993 813 4057 cedunt
834 4014 851 4055 e
875 4009 965 4064 voto,
994 3993 1088 4055 multa
1107 3991 1200 4053 solent
1224 4006 1240 4046 a

301 4107 368 4171 solo
379 4101 577 4179 moerorehoc
587 4095 714 4163 recidere
730 4098 816 4159 malt.
