3059 5142
345 596 438 684 330
516 559 650 657 Volzil
663 561 715 659 Θ*
735 558 920 651 Clemmii
936 557 1035 678 Diffi
1051 514 1248 653 nmmbere
1343 498 1347 506 Ι

140 768 152 787 ”
185 798 188 805 ’
351 783 415 853 vt,
441 761 754 865 quemadmodum
769 761 877 837 rebus
900 761 1040 860 optime
1065 759 1155 835 olim
1168 757 1296 859 gellia,
1319 754 1376 836 ita

145 957 150 963 .
200 934 214 947 -
298 970 302 975 ,
352 887 391 961 dt
424 907 523 961 nunc
556 884 713 977 venisse,
758 880 913 973 vidisse,
961 878 1084 960 vicisse
1115 882 1262 959 dicendi
1294 881 1375 965 fint.

349 1012 483 1109 Neque
502 1007 617 1086 ctiam
648 1008 712 1085 sub
734 1009 882 1089 initium
905 1006 1007 1100 iulii,
1031 1007 1094 1085 vel
1119 1008 1158 1083 dt
1184 1006 1281 1092 anto
1294 1033 1374 1087 me·

348 1133 472 1223 dium,
500 1130 574 1208 sata
589 1131 628 1207 in
642 1135 780 1235 campis
800 1132 1010 1235 praesertim
1031 1132 1242 1207 martianae
1264 1129 1374 1207 filuaa

244 1356 247 1369 Ι
348 1254 686 1346 tamlaeta,tam
719 1256 865 1348 adulta,
898 1255 1286 1346 ammarumsunt,
1325 1274 1373 1333 vt

347 1382 532 1456 Romanus
579 1377 685 1457 miles
728 1380 902 1458 alimenta
950 1378 1012 1455 srbi
1061 1400 1108 1454 ex
1153 1376 1198 1455 iis
1238 1403 1375 1482 parare

345 1503 422 1579 vel·
444 1501 610 1605 potuerit
657 1502 720 1581 vel
769 1525 871 1581 certe
919 1501 1092 1580 voluerit.
1159 1502 1279 1607 Pergo
1322 1505 1372 1583 ad

345 1626 408 1703 lii.
448 1645 710 1718 momentum,
751 1629 854 1729 quod
901 1624 1050 1715 hostes,
1098 1645 1228 1703 contra
1274 1651 1371 1730 quos

321 1778 334 1825 .·
347 1764 543 1839 romanum
591 1773 729 1852 agmon
773 1749 886 1827 fuerit
934 1746 1128 1838 eductum,
1156 1752 1256 1827 nolle
1308 1775 1370 1853 pe·

345 1874 457 1949 nitius
480 1890 551 1948 not
574 1872 698 1955 docet.
748 1867 971 1976 Marcionis,
998 1872 1143 1975 Regalis
1158 1872 1368 1966 Alamanni,

344 1994 566 2077 clandestina
608 1992 764 2097 irruptio
812 1998 850 2072 in
898 1996 1036 2092 vrbem·
1069 1997 1370 2098 Mogontiacam,

342 2118 526 2223 praefidiin
549 2140 735 2212 vacuam,
760 2141 862 2199 certe
885 2117 1026 2195 occaso
1051 2118 1142 2195 noui
1163 2118 1250 2197 belli
1282 2144 1370 2223 pro·

342 2246 443 2324 aima
467 2241 539 2320 elle
562 2244 698 2346 potuit.
747 2244 940 2345 Expeditio
956 2233 1030 2344 ipsa
1043 2264 1173 2349 contra
1193 2243 1368 2321 Alamam
1404 2244 1408 2255 ‘

342 2390 413 2445 nos
437 2366 602 2468 sustenta
625 2364 705 2458 cst3
737 2356 881 2443 libando
907 2364 979 2441 fuit
1004 2366 1225 2444 Alamannus
1232 2390 1250 2461 3
1281 2391 1369 2471 pro·

339 2490 444 2592 pior,
469 2491 639 2582 citerior,
667 2492 707 2568 &
734 2487 871 2568 stadiae
895 2487 982 2566 fidei
1006 2491 1170 2592 inprimis
1194 2514 1278 2567 rcus
1297 2491 1369 2570 ho·

208 2670 211 2675 »
341 2612 421 2703 stin,
464 2614 529 2714 qui
555 2612 675 2690 forsan
704 2614 743 2689 in
773 2614 990 2691 Vadomarii
1023 2616 1138 2716 copiis
1170 2606 1397 2709 militamt,¹

310 2727 315 2739 ’
339 2734 477 2812 leuisue
500 2736 612 2812 etiam
640 2756 847 2813 armaturae
869 2736 1045 2814 militibus
1062 2735 1263 2843 praesedus
1278 2736 1365 2816 fuit.

339 2858 411 2933 sed
437 2859 556 2959 gentis
581 2857 715 2935 infidae
740 2858 920 2961 specimen
943 2880 1089 2937 tantum
1112 2850 1152 2937 dt
1175 2885 1261 2937 cum
1286 2862 1366 2965 spc-

323 2982 474 3058 .cimine
508 2982 737 3060 occasionem
778 2981 862 3058 belli
903 2982 1006 3061 dedic
1048 2984 1226 3077 Rhand03
1271 3010 1363 3086 qua·

339 3126 490 3206 propter
518 3105 750 3198 lsrdomarii,
793 3108 832 3183 dc
868 3102 1097 3196 Wticbnbii,
1145 3127 1249 3186 vtut.
1272 3109 1363 3186 dolo

223 3279 232 3293 x
337 3230 592 3340 Romanorum
628 3232 702 3308 iam
741 3232 930 3332 peremti,
977 3232 1102 3332 copias
1147 3230 1244 3307 bello
1284 3232 1363 3308 hoc

320 3353 449 3429 retiam
483 3353 623 3453 petiisse
652 3353 953 3433 Valentinianum
994 3379 1040 3431 eo
1071 3356 1189 3455 magis
1226 3352 1362 3431 vetoli-

338 3474 426 3551 mile
456 3477 625 3567 videtur,
666 3502 742 3581 quo
772 3479 1029 3557 minuatam
1068 3479 1253 3579 solitisque
1276 3499 1360 3578 gra·

336 3597 433 3673 niori
453 3600 687 3700 expeditione
711 3622 841 3678 contra
865 3624 981 3678 vnum
1014 3602 1280 3691 Rhandonem,
1304 3600 1360 3677 ine

337 3717 509 3796 seriorem
533 3724 664 3824 procul
688 3726 799 3803 dubio
822 3728 989 3817 Ducem,
1020 3723 1141 3802 suisset
1164 3746 1282 3827 opum
1313 3720 1356 3798 li·

336 3845 672 3948 cot-Hieronymus
696 3850 735 3925 in
759 3850 910 3952 epislola
941 3850 989 3926 ad
1012 3849 1277 3952 Ageroclriam,
1310 3846 1358 3924 de

332 3964 441 4045 clade
465 3969 695 4073 Mogontiaci
717 3997 785 4075 per
808 3975 1051 4052 Rhandonem
1084 3974 1181 4050 clam
1213 3994 1354 4074 expug-

332 4095 432 4187 nati,
456 4095 642 4192 acerbior,
666 4121 778 4200 quam
805 4099 853 4179 de
876 4090 966 4189 vll'o
979 4098 1052 4180 alio
1072 4098 1239 4205 proelio,
1264 4096 1351 4176 scili·

325 4262 332 4280 *
1267 4242 1352 4308 ..cet
