3059 5142
123 593 125 602 ·
217 554 307 669 426
365 573 382 685 Ἰ
425 544 645 645 Relationes
667 544 717 643 &
743 537 1039 669 Olrstruotiones

221 746 386 826 tenfibus
402 746 533 825 inserta
549 742 623 847 legi
636 761 809 844 poterant
817 768 831 841 3
856 766 973 844 neque
987 736 1112 819 t‘amen
1128 740 1248 816 ullum

223 894 354 951 eorum
375 872 427 945 ita
447 890 703 969 comparatum
726 886 827 961 erat,
853 888 898 943 vt
924 869 1010 946 data
1031 889 1143 969 opera
1168 865 1251 941 scri-

131 1014 144 1027 *
224 1014 332 1097 ptum
368 982 470 1069 fuisse
500 1012 716 1093 appareret,
757 984 831 1092 qua
853 991 1001 1092 quidem
1029 1013 1143 1088 opera
1165 988 1254 1067 Cel.

224 1118 276 1200 D.
302 1112 435 1207 Sebold.
451 1114 534 1195 Rau
549 1141 665 1217 nuper
681 1116 832 1192 demum
841 1109 998 1191 Traiecti
1017 1114 1064 1188 ad
1082 1115 1257 1189 Rhenum

137 1256 141 1265 '
212 1240 432 1317 'in-duabus·
462 1242 786 1316 exercitationibus
820 1251 928 1338 1761.
967 1248 1073 1335 1762.
1104 1234 1254 1313 funiius

229 1387 275 1439 eo
305 1362 484 1439 maiorem
506 1365 552 1439 ab
579 1365 731 1441 eruditis
745 1365 901 1468 gratiam
916 1361 1050 1453 iniuit,
1077 1386 1152 1463 quo
1175 1359 1256 1436 lau·

229 1484 388 1561 dabillus
425 1485 547 1564 nostra
582 1486 808 1588 praesertim
830 1504 950 1564 aetate
985 1476 1256 1585 optabiliusque

229 1609 303 1685 tale
325 1632 481 1684 examen
511 1633 608 1701 erat,
636 1612 736 1711 quod
752 1610 941 1713 praeterea
961 1610 1086 1684 Viro
1077 1634 1114 1683 rn
1139 1607 1255 1682 literis

131 1788 137 1797 ,
231 1752 277 1807 ac
299 1734 582 1875 antiquitatibus
595 1736 754 1811 Ebraicis
769 1730 1005 1813 versatissimo
1029 1734 1085 1811 vti
1101 1731 1257 1871 dignum

232 1854 286 1931 ita
312 1846 384 1930 &
373 1844 533 1933 maxime
552 1858 797 1945 honorificum
813 1840 1030 1937 iudicamus
1080 1856 1199 1931 Rem
1190 1855 1255 1955 rgi-

232 1994 296 2053 tur
324 1976 520 2056 ledoribus
550 1978 693 2083 gratam
727 1970 892 2060 faiiuros
923 2005 991 2058 nos
1015 1981 1257 2069 arbitramur,

206 2100 280 2190 st,
313 2127 420 2202 quae
434 2105 491 2185 iu
474 2109 719 2209 compendio
753 2108 833 2219 dari
861 2104 1009 2221 poliunt
1022 2154 1037 2194 ,
1068 2124 1260 2180 momenta

213 2283 216 2287 «
234 2220 500 2325 excerpamus,
505 2224 570 2305 &
577 2230 693 2332 digito
706 2214 851 2305 tantum
868 2232 1002 2318 indice,
1039 2228 1179 2327 quidm
1201 2227 1261 2302 his

236 2350 563 2451 exercitationibus
585 2352 793 2454 praestitum
818 2356 877 2443 st,
919 2349 1260 2427 commonstremus.

334 2474 495 2565 Miratur
517 2478 562 2553 ab
594 2479 698 2557 initio
720 2478 840 2557 statim
865 2478 935 2559 Vir
957 2477 1036 2553 Cel.
1061 2476 1162 2577 quod
1186 2476 1262 2550 hoc

238 2618 354 2699 opus,
383 2598 420 2673 in
443 2619 546 2674 tanta
566 2598 756 2679 literarum
774 2582 889 2691 luce,
927 2623 1000 2676 non
1030 2600 1101 2677 fine
1126 2622 1264 2699 magna

176 2756 188 2777 ι
237 2723 473 2823 quaruudum
504 2725 719 2822 opinionum
749 2724 788 2800 ὅ(
822 2721 1116 2802 οοηίεᾶιιηῐιιιη
1146 2720 1263 2800 confi·

239 2844 365 2920 dentia
398 2847 436 2921 in
468 2844 658 2947 publicum
686 2849 798 2931 suerit
821 2849 1052 2952 produeium.
1106 2848 1132 2947 l.
1161 2849 1264 2922 enirn

239 2968 279 3045 in
300 2970 555 3071 Houbigantio
587 2996 764 3073 perquam
787 2976 1032 3061 mediocrem,
1063 2994 1132 3047 nec
1154 2990 1263 3049 tanto

127 3126 131 3133 ·
241 3095 345 3194 operi
372 3093 608 3171 sufficientem
640 3096 843 3172 Hebraisml
872 3096 1120 3198 cognitionem
1154 3095 1265 3174 inesse

127 3244 131 3259 ·
240 3216 304 3295 uel
327 3245 374 3297 ex
394 3223 466 3295 hoc
481 3223 632 3322 intelligi
650 3220 747 3322 posse
774 3220 912 3310 scribit,
954 3221 1055 3319 quod
1079 3245 1265 3320 gramma·

240 3342 317 3419 tica
332 3346 468 3429 nemini
486 3348 672 3445 probanda
689 3345 801 3423 suerit
813 3345 920 3435 usus,
946 3343 1119 3425 nimitum
1128 3344 1266 3420 Gram-

201 3504 206 3517 ·
241 3469 378 3545 matica
393 3468 598 3567 Mascleuii,
643 3472 745 3545 cuius
768 3468 956 3546 recensum
976 3466 1105 3542 decem
1129 3467 1266 3544 abhinc

241 3591 346 3667 annis
381 3593 561 3687 Historiae
591 3596 753 3671 Crititae
777 3594 940 3692 Linguae
964 3592 1121 3682 Ebreae,
1147 3616 1264 3695 germ.

240 3714 368 3791 idiom.
395 3722 537 3797 anobis
560 3719 784 3821 conscriptae
807 3714 1032 3807 inseruimus.
1083 3719 1128 3812 2)
1152 3719 1266 3794 Viros

241 3838 424 3931 summos,
451 3862 563 3944 atque
586 3845 623 3917 io
646 3844 703 3918 his
727 3838 1051 3941 incomparabilem
1072 3836 1267 3917 Albartum

240 3958 351 4043 Scbul
332 3962 492 4062 ltenstum
524 3967 675 4067 despicit
704 3992 749 4043 ac
780 3965 928 4064 indigne
958 3961 1100 4039 trasiat.
1157 3967 1198 4060 3)
1223 3967 1268 4037 ln

240 4086 440 4169 condendis
461 4091 597 4195 regulis
615 4093 748 4171 criticis
764 4088 934 4169 acumine
949 4086 1012 4167 suo
1033 4087 1145 4190 longe
1169 4086 1267 4169 infra

1185 4208 1266 4303 lob
