3059 5142
714 360 722 403 1

447 571 650 661 Memorio
676 567 945 691 ersrouiunr.
1120 602 1202 697 353
1227 666 1235 689 ,,

190 766 346 857 multis,
383 765 515 866 quibus
544 762 640 843 illius
670 767 829 843 nominis
853 767 972 845 honor
997 764 1101 843 nullo
1123 772 1204 847 iure

192 890 389 967 tribuatur.
441 888 741 980 Profeiio,cu1n
765 889 929 965 inuenire
950 892 1138 991 proprium
1162 894 1205 970 stt

189 1036 348 1101 eorum,
388 1035 546 1112 quorum
579 1014 768 1113 ingenium
798 1011 934 1112 aliquid
958 1036 1005 1091 ex
1028 1010 1063 1087 se
1087 1016 1205 1116 parit,
1332 1038 1341 1045 ·

189 1136 231 1211 dt
252 1135 355 1211 inita
379 1137 418 1211 vi
440 1134 506 1212 sua
528 1156 638 1237 atque
670 1133 860 1211 eeleritate
884 1160 943 1214 res
975 1136 1203 1247 incognitas,

186 1258 320 1334 arduas
353 1260 394 1335 dr
424 1262 665 1336 vehementer
691 1257 800 1333 utiles
832 1254 1048 1360 assequitur,
1084 1261 1124 1339 ὰ
1155 1262 1206 1339 ad

185 1380 292 1459 vsutn
316 1405 550 1459 communem
575 1378 736 1482 profert,
775 1382 820 1456 ab
845 1380 918 1457 hoc
948 1407 1083 1485 genere
1106 1383 1205 1486 lapfi

187 1504 415 1583 consuetudo
441 1504 664 1581 inuentionis
690 1503 837 1581 laudern
855 1505 985 1585 tribuit
1007 1508 1121 1584 etiem
1145 1509 1203 1599 iit,

186 1629 321 1729 quibus
345 1628 535 1731 diligentia
558 1627 683 1727 potius
708 1626 747 1703 in
764 1627 1113 1722 animaduertendo,
1137 1650 1204 1709 aut

185 1750 368 1852 elegantia
392 1753 430 1827 in
460 1752 678 1841 iudicando,
720 1772 787 1827 aut
811 1752 1008 1831 dexteritas
1039 1753 1079 1829 in
1100 1753 1203 1855 dige·

181 1876 300 1955 tendo
326 1875 365 1951 &
390 1874 593 1951 ordinando
608 1876 773 1952 debetur.
814 1876 1030 1955 Oratorum
1052 1876 1204 1977 quidem

185 2024 282 2101 quae
304 1998 440 2073 dicitur
462 1998 659 2090 inuentio,.
674 1998 750 2100 ipso
777 2000 958 2077 Cicerone
982 1999 1123 2091 iudice,
1146 2002 1205 2076 ni·

183 2123 239 2203 hil
263 2121 363 2199 aliud
388 2121 462 2210 est,
489 2146 601 2221 quarn
627 2104 909 2213 animaduerfio,
933 2123 972 2199 &
996 2119 1205 2201 obseruatio

185 2270 338 2335 eorum,
364 2267 460 2344 quae
485 2266 542 2322 tes
567 2266 735 2342 quaeque
762 2246 801 2323 in
814 2246 849 2324 se
870 2245 984 2323 habet
1007 2246 1140 2323 idonea
1155 2243 1203 2323 ad

183 2366 494 2473 persuadendum
519 2366 558 2441 in
582 2389 657 2466 qua
679 2365 760 2443 laus
783 2368 901 2444 omnis
916 2366 967 2444 est
981 2367 1201 2469 diligentiae.
1350 2366 1355 2379 '

183 2497 309 2593 Atque
334 2510 415 2565 tota
439 2486 499 2563 illa
522 2511 581 2564 ars
605 2489 812 2567 Rhetorunt
843 2492 1072 2580 inuenieudi,
1111 2488 1203 2571 tuhtl

182 2615 261 2693 fere
286 2612 347 2689 nili
373 2614 541 2712 regiones
564 2609 807 2702 demonstret,
844 2614 893 2701 in,
907 2615 1041 2716 quibus
1065 2634 1203 2695 venere

183 2738 394 2841 diligentia,
422 2737 460 2809 dr
483 2734 701 2838 petuestiges
714 2752 827 2828 cute,
859 2732 1202 2843 quaeppffintapte

181 2864 268 2941 dici.
293 2858 353 2957 (de
381 2858 447 2948 Or,
474 2857 525 2932 II.
551 2862 609 2954 3.)
660 2862 758 2937 lnter
783 2879 901 2937 artem
924 2861 1078 2960 quidem
1091 2860 1132 2949 dr
1145 2861 1202 2937 di·

179 2987 371 3090 ligentiatn
397 2978 600 3082 paullulum
630 2982 703 3061 loci
735 2980 952 3083 relinquitur
974 2984 1199 3077 inuentionl,

177 3135 278 3213 quae
302 3108 448 3211 proprie
482 3104 636 3211 dicitur,
670 3102 794 3205 estque
823 3105 960 3207 ingenii
989 3105 1200 3193 excellentie

180 3238 223 3315 dr
248 3232 385 3321 felicis,
424 3254 510 3305 curn
543 3228 622 3306 eius
648 3230 705 3305 vis
730 3230 769 3307 dr
793 3225 998 3307 fecunditas
1015 3252 1209 3333 magnae,

176 3382 317 3447 nouas,
343 3357 382 3433 δι
407 3353 616 3454 perpulcrae
643 3352 835 3433 sententias
862 3353 909 3429 de
932 3353 1042 3439 rebus
1065 3354 1200 3437 diuini»

176 3487 221 3562 dc
246 3481 416 3559 humanis
438 3479 577 3581 gignit,
604 3477 705 3578 quod
716 3455 962 3582 Longinus&
984 3456 1225 3577 ὒβπῆβα,
1356 3452 1386 3569 ..¹

174 3597 239 3669 >tor
266 3598 347 3695 (alii
373 3577 601 3694 tvrwlssouor)
628 3578 711 3689 mel
728 3578 802 3683 tole
819 3576 939 3670 valete
966 3588 1124 3691 appellat
1138 3588 1200 3688 (de

177 3719 329 3808 sublim,
351 3719 405 3820 ss.
435 3721 505 3820 8.)
552 3721 662 3815 Quae
687 3737 813 3803 autem
839 3714 1047 3805 Dideuicis
1070 3725 1200 3803 inuen-

177 3848 236 3925 tio
261 3847 418 3932 dicitur,
444 3868 508 3933 ea,
532 3840 626 3916 sicut
648 3860 730 3919 tota
752 3838 954 3919 Dialetrica
977 3844 1200 3931 Rhetoricae

177 3969 253 4059 est,
280 3988 325 4049 vt
348 3961 562 4057 Aristoteles
588 3965 660 4056 ait,
686 3947 908 4073 ἂντῖςςῡφρε
925 3964 1110 4068 (Rhael.
1133 3973 1199 4077 1.)
1275 3974 1277 3979 '

175 4091 204 4175 1,
231 4114 266 4171 e.
293 4090 511 4193 respondent
531 4112 580 4176 ex
602 4087 718 4173 ultera
741 4109 848 4191 parte
871 4088 912 4171 dr
926 4089 1067 4189 sutilis,
1090 4098 1143 4179 ita
1158 4099 1200 4181 ἀ

647 4212 680 4289 Ζ
707 4234 728 4308 5
1123 4208 1196 4323 {pli
