3059 5142
356 587 444 703 su
642 571 753 717 aa·
771 573 885 691 aa
900 570 1090 712 amsa*
1169 504 1173 511 ’

276 774 279 779 ’
354 776 446 855 dum
468 773 637 877 raginus
659 775 752 855 bene
776 748 1027 876 &eleganudr
1041 771 1276 877 explicarent,
1291 772 1375 854 lon·

347 922 403 1005 ge
426 896 674 999 praeferrent:
697 900 761 1000 qui
785 917 932 975 tanturn
964 898 1081 992 abest,
1122 917 1167 974 vt
1189 900 1229 975 in
1252 901 1375 1003 prima

353 1023 586 1129 ingeniorum
611 1018 717 1100 classe
742 1018 841 1100 rede
862 1019 1095 1113 censeannar,
1120 1024 1303 1102 aretiam
1329 1026 1380 1105 ad*

354 1146 523 1255 qulntm
546 1144 738 1250 redigendi
761 1147 969 1225 videantur.

454 1266 550 1349 Illud
578 1291 669 1347 tero
701 1291 945 1377 permagnum
988 1266 1122 1344 vitium
1155 1264 1206 1346 est
1239 1291 1284 1346 ac
1322 1269 1377 1350 so·

353 1390 499 1484 lemae,
524 1392 637 1470 etiarn
661 1413 813 1486 eorum,
834 1396 902 1496 qui
926 1392 1072 1493 proprie
1086 1389 1300 1471 inuentores
1323 1396 1377 1473 diss

249 1498 252 1505 ¹
354 1536 510 1608 untur,
535 1515 656 1618 quod,
681 1513 744 1594 nifi
768 1515 903 1619 pariter
923 1514 1074 1594 valeant
1095 1514 1231 1616 ingenii
1256 1518 1297 1593 δε
1321 1521 1377 1595 iu·

356 1638 445 1721 dieii
468 1638 670 1743 elegantia,
694 1639 880 1741 proeliues
902 1637 984 1713 sunt
1009 1638 1056 1713 ad
1081 1638 1307 1715 abutendum
1323 1616 1378 1716 in·

349 1763 480 1844 renos
502 1761 595 1853 suia,
635 1786 713 1842 non
733 1759 848 1839 modo
874 1780 942 1862 per
963 1760 1167 1838 vanitatem
1191 1763 1230 1837 in
1253 1760 1298 1864 iis
1324 1762 1378 1838 ni·

342 1886 429 1967 nh
450 1878 649 1979 beandis,
683 1881 744 1962 sed
764 1886 877 1962 etiarn
900 1882 1030 1961 'vbiuis
1055 1882 1302 1975 inculcandis,
1341 1890 1378 1966 bt

357 2006 532 2087 omnibus
556 2010 726 2109 pervim
752 2009 799 2086 ad
823 2029 953 2082 eorum
974 2002 1156 2083 rationem
1190 2008 1377 2088 trahendis

224 2126 227 2131 ’
356 2130 399 2207 dr
422 2133 732 2234 contorquendis,
759 2134 798 2210 h.
825 2155 859 2207 e.
882 2130 1146 2230 peruertendis.
1199 2133 1290 2227 Qio
1316 2154 1378 2211 no·

356 2256 459 2335 mine
482 2250 719 2331 Verulamius
744 2256 804 2349 (in
831 2253 935 2331 Nouo
962 2252 1105 2357 Organa
1129 2251 1162 2328 Ι.
1183 2258 1268 2357 54)
1284 2254 1380 2334 rede

307 2370 310 2385 '
356 2375 655 2481 reprehendebat
675 2377 910 2466 Giibertum,
935 2373 1023 2453 clari
1039 2381 1084 2455 de
1100 2375 1280 2480 Magnete
1297 2407 1379 2484 ope·

351 2502 411 2582 ris
436 2497 647 2594 audiorem3
682 2502 746 2603 qui
781 2525 866 2577 curn
894 2501 927 2576 se
948 2502 987 2577 in
1009 2503 1379 2607 contemplationibus

360 2625 544 2726 magnetis
582 2623 849 2701 laboriosrffime
881 2621 1120 2716 exercuisset,
1164 2627 1380 2730 eruiffetque

360 2747 481 2825 multa
507 2769 592 2824 ante
618 2748 831 2849 incognita,
858 2749 912 2846 ita¹
935 2769 1064 2850 captus
1089 2747 1139 2823 est
1153 2750 1215 2828 illo
1234 2752 1297 2827 suo
1313 2751 1378 2826 stu·

363 2871 446 2959 dio,
474 2871 707 2971 inuentisque
735 2871 827 2960 suis,
850 2890 895 2946 vt
916 2875 1027 2950 etiam
1050 2870 1318 2975 philosophiam
1338 2875 1379 2949 iis

334 3014 344 3039 ⁶
362 2991 643 3070 consentaneam
666 2992 910 3098 confingeret.

311 3216 318 3225 Ι
464 3117 611 3194 Horum
639 3120 805 3194 ornnIum
825 3118 850 3194 st
871 3120 1065 3198 fecerimus
1088 3117 1295 3210 summam,
1329 3118 1380 3194 in·

239 3234 242 3239 ’
361 3236 665 3342 telligarnusque,
697 3245 856 3343 primurn
867 3293 880 3335 ‚
914 3243 1115 3346 permulta,
1149 3267 1245 3345 quae
1267 3245 1380 3319 verbo

362 3363 574 3439 tribuantur
596 3366 822 3456 inuentioni,
859 3369 1006 3468 proprie
1029 3364 1098 3441 effe
1126 3367 1274 3457 iudicii,
1307 3364 1380 3439 dili·

364 3486 510 3585 gentiae
534 3488 573 3563 dt
595 3489 819 3593 elegantiae,
846 3510 910 3566 aut
924 3509 1025 3566 certe
1045 3489 1134 3566 huic
1150 3492 1380 3579 communia,

363 3608 517 3699 deinde,
543 3609 644 3687 illam
668 3613 781 3714 ipsam
804 3616 1075 3703 inuentionem,
1102 3638 1197 3714 quae
1225 3631 1310 3691 tota
1336 3612 1382 3691 est

364 3731 499 3831 ingenii
531 3738 676 3813 acutius
700 3742 904 3830 cernentis,
941 3738 1102 3838 indigere
1134 3734 1285 3812 alterius
1315 3756 1382 3838 ope

365 3873 478 3956 atque
493 3854 598 3948 luce,
622 3879 668 3936 vt
692 3859 733 3934 fit
754 3863 922 3952 innoxia,
956 3863 1105 3937 uberior
1132 3862 1180 3935 ad
1207 3859 1295 3936 usus
1317 3859 1381 3933 hu·

365 4002 516 4071 manoe,
548 3983 587 4057 dt
615 3988 923 4063 commendatiort
955 3983 1131 4072 efficitur,
1167 4003 1213 4059 vt
1241 3983 1307 4060 illa
1328 3982 1381 4057 vis

365 4102 550 4189 mutumix
578 4106 810 4217 ingeniorum
839 4136 912 4188 non
943 4111 1060 4185 nimis·
1081 4106 1198 4184 multa
1226 4109 1380 4190 habeat,
1408 4088 1409 4175 l

1226 4247 1380 4332 quorum
