3059 5142
186 672 191 681 .
292 625 423 716 -132
485 584 661 684 Gma'liai
676 594 816 680 Oratio
833 596 876 681 cle
884 588 1057 678 monn
1066 591 1262 678 humanae
1362 570 1366 585 ⁸

324 754 456 868 'cletas
477 787 603 900 poffit,
645 791 684 865 ὅ(
710 762 755 863 de
782 740 920 862 summa
945 783 1207 887 prudentiffimi
1231 787 1269 863 ὅ(
1295 786 1353 862 in·

206 989 210 997 ,
312 977 317 989 ,
341 910 602 1014 dulgentiflimi
632 910 833 1011 Regiminis
858 913 929 986 Tui
953 907 1114 986 efficacia
1131 930 1233 986 totus
1253 909 1354 986 reso·

202 1030 204 1035 ’
248 1064 251 1069 ’
336 1057 405 1112 net
427 1032 1354 1135 Orbis,rtinserosvsqueannosresplendescatll·

336 1158 503 1236 lustrium
511 1162 546 1234 T
546 1183 675 1234 uarum
683 1159 880 1232 Virtutum
889 1160 1010 1248 Iubar,
1026 1178 1082 1249 vt,
1092 1157 1354 1257 quaenostranr

261 1324 264 1335 ·
337 1284 457 1359 vitam
484 1283 683 1384 sequuntur
706 1289 900 1378 tempora,
940 1272 1124 1382 gestiendo
1149 1281 1356 1391 glorientur

337 1407 386 1480 de
411 1409 570 1508 Imperio
593 1407 676 1480 Tuo
702 1403 928 1506 tantagesto
959 1405 1171 1504 prudentia,
1205 1424 1250 1481 vt
1272 1407 1353 1482 eius

336 1528 482 1607 fruetus
507 1554 581 1605 non
606 1525 737 1629 poffint
761 1551 838 1603 non
861 1527 922 1604 vel
948 1528 1114 1608 Posteros
1135 1528 1383 1645 exhilarare,v

182 1706 188 1715 -
248 1656 251 1661 ’
337 1672 384 1730 vt
407 1655 565 1753 denique
587 1655 702 1730 Ciues
727 1675 855 1728 omnes
881 1654 1070 1727 inueniant
1091 1653 1189 1753 jugis
1223 1651 1354 1728 sereni·

340 1777 454 1865 tatis,
481 1772 688 1875 mentisque
713 1774 984 1874 tranquillitatis
1010 1777 1244 1851 materiante
1272 1800 1356 1876 gra·

182 1960 187 1979 ‚
227 1900 233 1919 ‘
340 1900 396 1973 tia
413 1897 688 1977 Clementiffimi
702 1901 844 1975 Patriae
853 1901 1036 2001 Patrisper
1051 1897 1228 2000 plurimos
1237 1924 1355 1976 annos

219 2126 221 2131 Α
336 2020 521 2126 producto
547 2042 779 2126 conceptam.

399 2235 404 2248 Α
440 2267 584 2342 Verum
623 2266 736 2342 etiam
774 2265 918 2354 Vobis,
965 2264 1092 2341 Patres
1125 2260 1358 2364 conscripti,

145 2384 149 2405 ⁴
226 2376 228 2381 ¹
291 2392 295 2407 '
344 2388 587 2481 Academiae,
614 2390 925 2490 totiusque'Orbis
941 2391 1082 2465 Eruditi
1096 2391 1272 2476 Lumina,
1287 2373 1366 2488 pu·¹

341 2511 455 2586 blicas
481 2513 601 2589 refero
627 2532 751 2614 grates
776 2535 843 2612 pro
867 2512 1032 2612 singulari
1057 2536 1132 2586 non
1154 2514 1267 2588 modo
1291 2513 1359 2585 ra-

340 2636 523 2725 trocinio,
548 2660 623 2735 quo
648 2660 708 2710 me
734 2635 856 2709 adhuc
878 2636 1000 2709 vestro
1024 2637 1068 2709 'in
1094 2634 1170 2710 stnu
1194 2634 1357 2723 fouistis,

340 2781 471 2832 verum
497 2760 630 2848 etiam,
658 2782 733 2858 quo
758 2750 930 2834 collatam
956 2761 1046 2834 mihi
1060 2784 1158 2834 nunc
1172 2786 1194 2833 a
1209 2756 1360 2834 serenis»

339 2879 433 2956 fimo
456 2882 624 2985 Principe
657 2866 865 2959 Medicinae
896 2881 1105 2958 Professoris
1139 2884 1358 2985 dignitatern

213 3020 215 3025 ·
339 3003 437 3079 adeo
461 3028 536 3078 non
561 3003 755 3094 inuidissis,
781 3024 826 3096 rt
849 3008 973 3104 potius
1000 3003 1250 3082 fauentiffimis
1274 3028 1358 3079 eam

199 3849 212 3914 'r

234 3194 236 3199 .
338 3124 615 3203 declaraueritis
640 3129 730 3201 mihi
754 3129 887 3218 labiis,
931 3130 970 3202 ἀ
1002 3120 1084 3228 plus
1112 3155 1221 3232 quam
1247 3131 1359 3203 bene-

338 3246 436 3324 volis
470 3249 774 3325 confirmaueritis
814 3249 1133 3352 gratulationibus.
1202 3252 1358 3326 Vtinam

329 3369 459 3454 'Vobis
485 3364 742 3462 obseruantia,
783 3375 988 3473 obsequio,
1013 3377 1251 3452 veneratione
1277 3400 1357 3477 gra·

321 3500 424 3570 ‘tum
448 3494 628 3570 testificari
654 3498 817 3572 animum
856 3496 992 3597 possem
1025 3523 1070 3575 eo
1102 3501 1245 3601 gradu,
1280 3485 1358 3600 ¹quo

307 3684 311 3694 .
337 3618 475 3719 debere
501 3643 561 3692 me
587 3643 771 3720 agnosco,
796 3602 1002 3721 persoluere
1026 3647 1183 3724 nequeo.
1233 3624 1357 3697 Deum

237 3724 283 3821 ,J
338 3739 488 3814 interim
515 3743 627 3816 orabo
653 3740 697 3817 T.
728 3743 779 3819 Ο.
807 3745 861 3819 M.
887 3764 930 3819 vt
955 3747 1073 3820 Vobis
1101 3746 1270 3822 omnibus
1304 3766 1357 3822 at·

335 3848 415 3962 oue
440 3863 584 3965 fingulis
610 3888 656 3939 ex
681 3868 782 3940 omni
806 3885 911 3967 parte
930 3869 1155 3958 benefaciat,
1172 3890 1217 3945 vt
1232 3872 1358 3946 omnia
1396 3960 1398 3967 Ι

338 3982 403 4060 sua
430 3988 547 4064 Vobis
574 3990 804 4089 impertiatur
824 3990 1072 4067 emolumenta
1087 3993 1262 4082 Gratiae,
1276 3995 1358 4095 qui·

338 4108 408 4182 bus
433 4110 608 4189 &animi
631 4111 754 4187 Vestri
769 4113 808 4189 ὅ(
823 4100 980 4216 corpora
994 4116 1183 4220 indigent,
1210 4139 1358 4196 vacum

1275 4265 1357 4321 vua
