3059 5142
263 540 266 545 ¹
366 527 544 647 eribris
561 572 637 641 tam
655 560 754 644 nouis
775 582 881 669 quam
901 558 1069 669 antiquis.
1110 656 1115 680 x
1160 555 1245 699 ᾖς’

235 746 535 852 ‚Praeclanffimus
564 732 647 826 litei
667 747 913 845 Elementorum
927 745 1072 833 &nudis
1085 736 1252 852 persplia-
1376 766 1383 860 ‘¹

250 872 383 976 ciffimi:
407 874 444 951 in
464 889 572 952 artem
590 868 777 949 Geometrit
799 864 923 971 incipit
934 878 1042 972 ‘quam
1052 866 1252 973 filictffimer

253 988 343 1093 quas
371 996 489 1072 statim
521 993 717 1091 sequuntur
740 993 993 1069 definitiones:
1035 991 1257 1099 Punuusest
1347 1066 1359 1075 .

252 1120 344 1219 cuius
366 1131 409 1218 ps
435 1140 503 1195 non
533 1118 576 1218 esi
599 1133 669 1193 cet.
759 1113 910 1212 Figurae
943 1117 1183 1222 geometricae
1208 1099 1257 1198 ‘in

214 1245 218 1251 '
254 1240 558 1337 margineuncias
575 1238 623 1316 II.
648 1248 730 1315 cunr
756 1230 983 1331 semillelato
1011 1238 1139 1312 debitis
1163 1218 1255 1320 lo'cis
1336 1304 1356 1337 „
1382 1316 1390 1340 Ι

233 1364 482 1439 adiiciuntur.
585 1361 744 1439 Initiales
792 1352 1006 1458 fingularum
1042 1364 1258 1457 propolitio·

256 1509 344 1561 num
364 1487 506 1562 litterae
532 1483 783 1559 ornatiores&
805 1504 897 1577 quae
923 1503 1043 1558 nouos
1069 1485 1182 1570 libros
1203 1489 1257 1563 in·
1321 1538 1326 1551 ·

217 1612 241 1705 ’ᾖ
259 1611 396 1684 'choant
417 1602 562 1701 reliquis
591 1587 745 1715 maiores
773 1604 951 1700 existunt,
978 1608 1062 1680 alias
1082 1610 1185 1682 nullo
1208 1610 1258 1685 bi·
1361 1643 1364 1648 “

254 1732 418 1809 serImine
438 1731 530 1807 liber
552 1751 646 1806 unus
674 1730 718 1803 ab
745 1730 860 1802 altero
883 1727 1082 1826 separatur,
1108 1732 1172 1808 nili
1197 1737 1256 1809 ad.

255 1856 351 1961 iebio
372 1853 437 1929 fini
459 1852 616 1926 cuiusuIs
648 1853 731 1926 libri
763 1850 904 1929 monito
925 1851 1010 1926 huic
1038 1853 1158 1930 limili:
1186 1859 1259 1935 Ex-

254 1962 454 2085 plicit'liber
468 1989 627 2076 quartus,
652 1974 770 2074 incipit
788 1972 870 2071 liber
888 1976 1043 2074 quintus,
1071 1974 1262 2056 Charaliier
1345 2077 1348 2082 .
1385 2053 1387 2056 .

258 2102 461 2187 litterarum
491 2096 544 2171 est
567 2118 674 2190 quem
698 2093 877 2172 Gothicum
903 2117 1080 2172 vocamus
1106 2100 1261 2197 singulae

258 2240 383 2333 tamen
398 2221 555 2324 {paginae
568 2220 606 2293 in
619 2215 817 2315 summitate
834 2218 1029 2314 expressam
1049 2240 1180 2318 gerunt
1195 2249 1279 2298 vo·-

262 2336 346 2423 eem
369 2367 503 2418 moun
528 2342 655 2416 litteris
685 2340 859 2417 Romanis
894 2343 1093 2417 maiusculis
1129 2347 1265 2424 addito·

219 2520 227 2529 ·
263 2493 337 2565 que
359 2468 441 2541 libri
467 2484 640 2555 numero,
672 2465 933 2540 charaneribus
960 2454 1067 2540 etiam
1092 2473 1261 2561 romanis.
1342 2465 1345 2477 '

262 2590 436 2684 Exceptis
467 2586 659 2660 initialibus
693 2587 841 2678 litteris,
857 2603 955 2682 ‘quas
983 2603 1067 2663 ante
1090 2582 1268 2686 indicaui,

263 2710 538 2790 &ornamentis
565 2708 777 2803 quibusdam
807 2710 906 2807 ligno
928 2711 1062 2804 incifis,
1090 2715 1127 2786 in
1153 2719 1268 2810 prima
1379 2698 1407 2719 ⁸

228 2844 231 2849 '
266 2837 415 2935 pagina,
441 2820 539 2906 nulla
556 2832 622 2904 alia
640 2855 680 2906 re
695 2834 823 2906 oculos
837 2831 947 2929 pascit
960 2837 1155 2926 volumen,
1167 2822 1268 2933 prae·

265 2936 431 3052 terquam
461 2969 634 3046 typorum
662 2954 697 3025 ἃ
719 2954 863 3027 chartae
894 2958 1081 3052 elegantia.
1169 2959 1272 3040 Folia

266 3079 425 3162 numeris
445 3088 571 3149 notata
587 3069 667 3147 sunt
687 3076 807 3165 nullis,
823 3097 893 3170 nec
908 3074 1070 3176 custodes,
1098 3103 1190 3172 quos
1205 3108 1273 3162 vo·

216 3228 218 3233 ·
270 3220 377 3296 cant,
402 3199 581 3292 sequentis
614 3197 763 3293 paginae
794 3198 929 3275 initiale
955 3203 1195 3290 vocabulum,
1212 3213 1275 3284 ex:
1327 3230 1329 3236 ·

268 3328 416 3412 hibent,
448 3335 490 3396 ut
514 3321 662 3394 unicum
691 3319 920 3418 bibliopega,
947 3312 1089 3400 'antean
1116 3331 1278 3407 membra

221 3458 232 3473 ’
272 3461 480 3552 geometrae
517 3442 815 3551 compolrturus,
861 3443 1051 3524 subsidium
1087 3449 1275 3550 habuerit,

271 3573 496 3671 plagularum
523 3584 630 3659 quam
661 3565 843 3661 appellant
861 3565 1086 3672 signaturam.
1185 3575 1279 3662 Sunt

274 3715 369 3768 vero
393 3694 495 3782 illae,
529 3687 744 3763 srtechnico
771 3691 958 3765 vocabulo
981 3696 1036 3769 uti
1065 3694 1171 3781 lieet,
1199 3720 1281 3799 qna-

273 3819 438 3895 terniones
458 3813 673 3920 litteraeque
694 3832 844 3905 quarum
863 3814 1018 3911 lingulae
1037 3831 1194 3911 quatuor
1208 3824 1289 3916 pla··

274 3942 376 4039 gulas
402 3949 554 4028 notant,
587 3933 632 4007 ad
661 3935 823 4009 caninam
852 3957 1215 4041 usquetexcurrunt,
1238 3962 1282 4022 ut

277 4073 401 4173 totum
430 4082 523 4161 opus
543 4058 701 4164 plagulas
716 4053 886 4136 LXVIII.
903 4065 1093 4161 compleat.
1172 4066 1286 4171 Quod

399 4183 402 4192 '
721 4178 860 4260 Mma
1156 4209 1285 4266 comma
