3059 5142
243 630 246 639 ·
358 626 445 721 310
513 590 681 687 Schottii
709 546 978 745 Progremma
1000 600 1046 687 de
1069 591 1204 687 Trulo

356 794 441 887 suo,
475 788 717 895 imperatoriis
740 788 879 870 artibus
911 786 1186 903 virtutibusque
1208 791 1376 871 imbuen

357 923 424 999 dos
437 912 769 1017 instituendusque,
808 916 894 991 sed
882 937 921 994 et
936 918 1086 996 eosdem
1104 941 1172 995 nec
1192 919 1377 996 academi-

356 1064 420 1120 cos
443 1040 555 1117 sasces
577 1031 785 1140 aspernatos
810 1020 940 1116 summi
965 1036 1063 1143 apud
1086 1038 1120 1120 se
1142 1036 1375 1145 magistratus

301 1158 304 1165 ’
355 1186 507 1243 munere
530 1158 680 1263 defungi
708 1180 894 1253 cerneret,
930 1157 1082 1265 [leque
1072 1187 1108 1240 tn
1132 1163 1262 1242 lisdem
1287 1185 1376 1257 cum

354 1276 751 1367 honorificentissimam
768 1284 927 1388 ipsorum
944 1284 1196 1388 praesentiam,
1223 1302 1307 1366 tum
1322 1288 1376 1363 in·

218 1450 221 1455 ·
353 1392 567 1489 stitutorum¹
581 1402 729 1485 suorum
747 1402 905 1485 tutelam
922 1425 1034 1510 atque
1050 1402 1290 1487 direilionem
1303 1406 1376 1484 cle·

338 1523 571 1632 „mentissime
587 1531 634 1608 ab
648 1527 729 1633 ipis
753 1526 951 1634 susceptam
969 1528 1118 1611 demisso
1136 1532 1241 1609 cultu
1263 1538 1377 1611 rene·

352 1674 507 1735 caretur.
560 1652 677 1751 Qud
692 1652 804 1732 decus
819 1654 874 1732 vti
896 1652 1021 1734 multis
1036 1650 1114 1733 aliis
1130 1672 1279 1758 quoque
1293 1656 1379 1730 a'ca·

354 1771 550 1858 demiis'est
571 1797 789 1867 commune,
817 1798 973 1880 quarum
995 1779 1131 1880 quippe
1155 1761 1254 1855 haud
1285 1798 1377 1881 pau·

268 1884 271 1891 ¹
352 1926 419 1981 cae
434 1902 529 1979 hanc
544 1899 807 1977 srbivindicate
820 1895 967 2001 possunt
987 1894 1161 2001 gloriamt
1184 1901 1241 1979 ¹ite
1254 1902 1375 2004 potio·

352 2028 524 2105 ritamen
545 2020 624 2100 lure
646 2024 692 2100 ad
713 2023 871 2100 nostram
891 2024 1074 2126 pertinere
1095 2023 1246 2102 videtur
1266 2024 1376 2101 Eber·

230 2200 233 2207 -
353 2149 565 2234 hardinarn,
590 2168 685 2247 quae
699 2170 787 2248 prae
808 2143 957 2248 reliquis
982 2164 1127 2224 tanturn
1150 2168 1225 2225 non
1257 2151 1376 2226 omni·

353 2273 423 2350 bus
441 2267 565 2370 insgni
583 2267 780 2345 Reiiorum
790 2318 802 2360 ,
830 2270 893 2369 qui
917 2268 979 2370 ipsi
1001 2262 1262 2370 praefuerunt,
1289 2270 1377 2349 Ma·

354 2383 730 2501 gnificentiffimorum
744 2414 900 2467 numero
910 2390 962 2468 est
976 2387 1131 2469 illustris.
1156 2390 1263 2481 Licet
1275 2396 1376 2478 enirn

352 2518 473 2623 primo
489 2542 509 2593 a
525 2515 595 2591 suis
616 2510 843 2591 incunabulis
858 2508 978 2591 seculo
1002 2512 1040 2591 in
1055 2510 1150 2593 fallis
1177 2508 1254 2596 iuis
1279 2518 1375 2596 duos

354 2658 500 2718 tantum
516 2636 717 2728 recenseat,
743 2636 944 2738 insequenti
966 2654 1092 2747 tamnen
1113 2652 1288 2721 anouem
1312 2647 1377 2721 ad-

352 2760 553 2842 ministrata
569 2756 619 2837 est
641 2758 888 2859 Principibus,
916 2758 1013 2841 inter
1034 2760 1129 2865 quos
1151 2760 1297 2866 praeter
1313 2772 1378 2845 Se·

353 2880 555 2965 reniffimos
569 2901 680 2983 atque
694 2877 1295 2993 PotentissimosWirtembergiae
1310 2914 1378 2966 no·

266 3032 269 3037 ·
294 3022 300 3027 ’
353 3007 445 3088 strae
454 3012 592 3102 Duces,
610 3026 650 3082 et
662 3004 929 3109 Tubingensem
946 3009 1134 3087 Comitem
1150 3005 1377 3090 celliffimurn

229 3196 235 3202 .
353 3134 465 3214 etiam
490 3128 752 3209 Brunsvicensrs
779 3151 891 3232 atque
916 3130 1204 3239 Luneburgensrs
1243 3134 1376 3227 Ducis,

326 3256 331 3265 ‘
352 3276 393 3337 et
408 3256 566 3336 Comitis
583 3250 736 3331 Palatini
753 3254 801 3330 ad
814 3254 1007 3348 Rhenum,
1048 3260 1165 3336 Ducis
1185 3255 1376 3353 Bantius,

353 3380 506 3485 augusta
531 3396 732 3455 occurrunt
752 3378 902 3455 nomina
908 3401 923 3473 3
961 3382 1035 3458 hoc
1054 3405 1173 3473 vero,
1194 3378 1308 3485 ¹quod
1329 3378 1376 3457 ad

352 3501 464 3580 finem
482 3500 585 3577 suurn
602 3500 784 3591 decurrit,
812 3498 930 3580 seculo
945 3520 1019 3582 tres
1035 3498 1253 3584 Sereniliimi
1260 3505 1378 3583 Wir·

352 3623 569 3726 tembergici
586 3621 785 3701 stemmatis
801 3626 986 3731 Principes
1003 3625 1086 3705 suos
1110 3629 1227 3706 coluit
1239 3625 1375 3708 Reun-

351 3771 424 3830 res.
477 3746 617 3824 Mirum
634 3769 758 3826 aurern
772 3747 891 3827 videri
907 3748 1024 3829 forsan
1038 3747 1156 3855 pollet
1175 3750 1380 3844 nonnullis,

351 3870 454 3977 quod
477 3870 529 3962 ii,
563 3872 626 3971 qui
648 3866 898 3950 latissimarum
921 3864 1195 3976 prouinciarum
1223 3874 1378 3954 heredes

352 3996 402 4075 ad
416 3994 599 4097 sceptrum
615 4012 654 4070 et
669 3993 865 4095 imperium
887 3997 964 4075 nati
987 3998 1089 4089 sunt,
1123 3997 1379 4078 academicum

352 4118 1379 4299 magistratumquantumvissplendidunr&conspicuum

1280 4241 1381 4326 haud
