3059 5142
311 560 315 566 ’
348 490 435 658 492
566 539 751 653 ottingeri
768 527 944 652 specimen
960 542 1175 633 Tentaminis

300 758 304 761 ’
342 735 405 812 stit
429 738 467 811 in
485 735 608 832 ignea,
634 735 670 808 de
687 736 791 831 ignea
818 737 856 810 in
886 752 1011 830 aquea.
1095 735 1240 835 Ignis&
1257 757 1354 832 aqua

342 861 452 958 igitur
472 857 554 934 sunt
575 857 723 933 intensa.
776 857 909 934 Omnia
923 858 1153 935 resoluuntur
1173 861 1212 935 in
1226 860 1352 957 ignem

349 981 607 1078 &probantur
635 1003 700 1076 por
725 982 865 1079 ignem,
903 982 1201 1075 quemadmodum
1225 983 1352 1059 omnia

344 1107 513 1187 onunnn
543 1126 589 1178 ex
620 1105 702 1201 igne
729 1103 769 1178 δι
791 1125 893 1198 aqua.
981 1103 1110 1180 Petrus
1139 1106 1240 1182 nulla
1280 1107 1353 1183 alia

175 1307 177 1311 ,
309 1207 474 1331 senextus
500 1224 657 1325 agnoscit
683 1225 747 1302 nifi
774 1227 893 1322 ignem
914 1224 951 1297 &
971 1248 1110 1321 aquam.
1137 1224 1378 1320 2Petl',lll.-

197 1412 203 1420 ,
338 1348 483 1441 intensa
508 1350 721 1446 spiritualia,
747 1349 983 1446 intelligentia
1004 1351 1097 1431 varii
1114 1351 1251 1427 ordinis
1274 1373 1356 1429 non

339 1460 408 1551 niu
427 1497 492 1570 per
514 1474 794 1549 continuitatem
819 1472 931 1569 ignis,
957 1474 1082 1566 venti,
1106 1488 1291 1567 totarum,
1313 1477 1356 1555 in

338 1593 499 1674 sensoriis
532 1595 799 1686 describuntur,
832 1608 1044 1692 argumento
1072 1599 1254 1694 quodvis
1274 1599 1353 1679 Dei

338 1702 442 1797 eina
467 1720 546 1797 hec
568 1719 714 1814 concipi
736 1731 907 1812 nequeat.

448 1916 647 1994 Extensum
667 1916 720 1992 est
743 1937 852 1995 omne
881 1902 937 2011 id,
964 1913 1064 2010 quod
1090 1937 1155 2014 per
1177 1916 1355 1995 eleuatio·

294 2044 305 2093 ²
334 2060 420 2116 nem
437 2040 472 2113 dc
489 2022 801 2139 propagationem
812 2038 941 2114 intenfi
962 2039 1006 2111 ab
1029 2036 1174 2113 essentia
1204 2041 1245 2114 in
1274 2039 1353 2115 sub·

209 2174 216 2187 ‘
332 2163 500 2239 standum
523 2165 659 2239 tranfit.
751 2161 873 2237 Omne
895 2172 1055 2235 creatum
1083 2163 1126 2238 in'
1149 2158 1211 2236 sua
1237 2163 1355 2258 prima

335 2285 597 2361 constitutione
623 2285 676 2360 est
696 2287 821 2360 lumen
845 2304 866 2357 a
888 2277 990 2380 patre
1013 2285 1188 2362 luminum
1205 2283 1352 2363 descen·

270 2477 273 2484 .
335 2407 436 2482 dens.
535 2407 639 2482 Haec
654 2405 716 2483 est
732 2407 853 2494 forma
879 2407 1004 2502 lapidis
1031 2411 1096 2481 vel
1119 2409 1269 2503 plantae
1286 2410 1351 2507 vel

334 2531 513 2607 animalist
539 2529 638 2604 Hinc
660 2544 841 2624 quaerunt
858 2528 1087 2634 Philosophia
1313 2624 1316 2634 Ι

397 2653 471 2728 Dic
484 2653 638 2728 formam
653 2654 791 2747 lapidis,
801 2651 837 2724 δι
847 2651 1010 2746 Phyllida
1033 2650 1128 2728 solus
1143 2650 1308 2731 habeto!
1322 2681 1350 2717 ···

240 2850 253 2883 K
328 2770 433 2847 Haec
464 2773 607 2866 forma,
641 2775 715 2847 hoc
746 2774 869 2847 lumen
891 2797 912 2846 a
933 2773 1042 2847 DEO
1068 2788 1172 2869 patre
1203 2777 1351 2854 descen·

263 2906 271 2915 “
327 2895 417 2970 dens
446 2916 512 2990 per
539 2917 686 2989 aquam,
713 2897 833 2992 ignem
855 2894 890 2967 δι
918 2907 1050 2971 terram
1073 2898 1196 2974 transit
1226 2924 1276 2974 ex
1302 2900 1350 2977 es·

332 3017 445 3093 sentia
469 3018 507 3091 in
533 3016 763 3126 suhstantiam
794 3015 856 3090 seu
903 3018 941 3092 in
981 3017 1134 3117 speciem
1158 3024 1343 3116 quandam

148 3161 155 3177 ¹
305 3161 479 3218 uerum

464 3321 553 3395 Dixi
577 3320 718 3397 nullum
739 3318 928 3418 vestigium
948 3327 1098 3420 reperiri
1118 3329 1156 3401 in
1179 3329 1245 3405 scr.
1261 3333 1286 3411 s.
1304 3334 1351 3409 de

331 3443 432 3518 iis&
459 3455 581 3517 tamen
616 3456 704 3515 utor
742 3446 897 3518 termino
936 3447 1102 3522 essentiae
1128 3451 1163 3532 δι
1187 3450 1349 3532 substan,

178 3568 181 3573 ’
330 3571 424 3654 tiae3
451 3579 489 3638 at
511 3564 549 3680 s*
557 3561 728 3658 scriptura
746 3586 815 3641 nos
842 3570 887 3641 ad
909 3569 1126 3663 Sapientiam
1151 3574 1190 3650 in
1211 3579 1346 3670 plateis

332 3691 546 3768 clamantem
569 3689 720 3785 ablegat.
799 3692 1114 3794 Quemadmodum
1137 3697 1247 3796 igitur
1263 3699 1346 3774 Phi·

199 3806 206 3817 ’
329 3811 471 3907 losophi
502 3808 593 3884 teste
619 3812 755 3908 Logica
774 3812 1048 3912 Bulffingeriana
1063 3819 1108 3890 ad
1130 3819 1354 3909 formandae

332 3935 562 4011 definitiones
596 3934 720 4028 regula
749 3932 818 4007 hac
839 3948 1010 4014 utuntur:
1063 3939 1225 4017 Obserua
1252 3916 1348 4036 quo-⁴

224 4042 231 4048 ’
331 4057 444 4154 modu
459 4059 657 4152 loquantur
672 4055 838 4132 homines
854 4059 892 4133 in
908 4065 1090 4136 communi
1115 4064 1211 4151 vite,
1237 4086 1343 4158 erue,

1237 4189 1342 4281 quod
