3059 5142
259 610 349 707 450..
555 587 742 715 ..Gummi
796 587 944 693 Sam

128 838 131 845 .
254 798 356 872 mos,
373 777 571 869 ⁴fabricam,
597 791 851 873 textutemque
864 777 1065 865 solidunana
1083 777 1160 872 ipso
1186 781 1259 857 die·

254 927 363 997 tum,
400 900 827 996 annorumqueflumine
862 886 994 979 mutan
1022 903 1260 997 notabiliter,

257 1047 409 1127 eantque
431 1022 642 1127 firmitatem
653 1035 842 1120 perpetuo.
858 1022 1077 1121 crescentem
1098 1046 1166 1118 pet
1183 1044 1260 1124 ffa-

251 1108 345 1243 dm,
371 1149 459 1220 aiios
484 1134 597 1225 etiam.
615 1120 876 1241 conistentia,¹
886 1144 1032 1238 colore,
1058 1148 1262 1242 ceterisque

261 1270 492 1368 qualitatibus
518 1268 670 1349 reddere
701 1282 814 1363 atque
842 1266 963 1343 {istene
976 1269 1104 1343 ··uabis
1134 1270 1266 1347 humo·

255 1418 340 1491 tes,
371 1392 468 1469 unde
492 1413 570 1467 nun
597 1390 743 1489 possunt
765 1411 842 1467 non
868 1389 1025 1479 actiones
1051 1391 1086 1464 δι
1110 1391 1265 1485 fitnffln

257 1540 326 1620 nes
349 1496 604 1613 multae-tam
621 1500 806 1609 ptiuane,
840 1536 946 1608 quam
963 1516 1265 1608 ‚publicandum

259 1639 440 1737 partium,
470 1628 550 1723 tutu
569 1637 703 1732 integri
718 1693 737 1728 ,¹
762 1636 798 1710 a
819 1637 933 1711 totius
960 1639 1123 1732 corporis
1158 1639 1267 1712 nouis

260 1760 406 1858 prodite
426 1758 551 1835 scenis.
649 1757 852 1855 Audiamus
870 1755 1019 1833 effedtus
1039 1759 1100 1849 sua
1118 1760 1165 1833 de
1185 1782 1266 1847 cau·

259 1883 296 1959 sa
316 1882 511 1958 testantes:
551 1879 710 1977 Homine
747 1885 785 1954 in
815 1883 936 1961 lucem
966 1883 1087 1978 edito,
1113 1882 1266 1977 septimo

139 1994 144 2029 ²
260 2008 361 2082 vitae
387 2003 506 2081 mense
536 2004 663 2077 dentes
685 2006 883 2078 moliuntur
913 2004 1067 2090 exitum,
1092 2007 1127 2078 u
1152 2029 1267 2081 erum-

260 2151 348 2226 pere
374 2125 444 2202 suis
469 2149 516 2201 ex
536 2127 686 2205 alueolis
712 2128 909 2222 incipiunt,
937 2128 1059 2202 mense
1080 2130 1137 2203 bis
1165 2130 1268 2224 septi·

127 2240 130 2250 ’
262 2272 324 2330 mo
341 2251 565 2324 ventriculus
588 2260 729 2323 tantiam
750 2252 901 2345 adeptus
926 2249 978 2324 est
999 2252 1133 2339 robur,
1156 2268 1202 2325 ut
1216 2250 1270 2326 se

262 2375 429 2461 lidiotem
464 2392 610 2464 capere.
629 2371 772 2464 cibum,
802 2373 1016 2470 &digerere
1044 2372 1175 2468 poffit,
1215 2389 1272 2448 tet

263 2496 416 2591 septimo
444 2491 562 2571 mense
586 2492 697 2586 pedes
723 2491 928 2570 firmitatem
955 2497 1000 2569 ad
1020 2496 1193 2573 inceuum
1220 2499 1270 2571 in·

266 2619 404 2710 duum,
431 2615 607 2710 &lingua
626 2618 798 2688 volubilis
822 2621 936 2693 verba
966 2617 1096 2692 efferre
1119 2620 1269 2714 incipit,

263 2741 415 2835 septimo
439 2756 534 2809 atino
565 2736 668 2828 primi
693 2739 866 2815 excidunt
893 2742 1037 2831 dentes,
1064 2746 1271 2838 mentisque

266 2863 444 2944 affinitas,
473 2855 635 2933 sensuum
659 2861 910 2956 internorum,
937 2864 972 2935 δι
992 2867 1124 2961 ingenii
1154 2866 1272 2940 effica-

267 2986 323 3061 tia
347 2983 475 3058 laetius
505 2982 703 3077 germinare
727 2985 880 3078 occipit,
906 3007 1001 3059 anno
1030 2989 1084 3061 bis
1115 2988 1270 3083 septimo

265 3111 329 3206 piii
356 3105 400 3181 ad
428 3106 562 3201 pubem
597 3103 826 3199 excrescunt,
851 3110 888 3181 in
910 3107 1074 3202 sequiore
1105 3109 1195 3184 sexu
1218 3134 1272 3186 ca·

266 3229 422 3315 tamenia
444 3227 647 3322 prodeunt,
673 3229 878 3304 intestibus
892 3233 1055 3305 virilibus
1070 3232 1273 3326 spermatici

267 3352 417 3445 liquoris
442 3352 665 3444 praeparatio
685 3354 812 3447 incipit
832 3353 922 3428 fieri.
1024 3353 1122 3431 ·Inde
1142 3358 1190 3432 ad
1218 3381 1273 3437 an·

244 3458 358 3548 'num
386 3487 442 3546 ter
477 3471 664 3567 septimum
696 3498 810 3569 usque
842 3498 973 3571 corpus
1007 3481 1045 3551 in
1077 3481 1272 3577 longitudi-

267 3613 378 3688 nem,
403 3609 581 3686 caputque
609 3597 646 3668 in
679 3599 855 3674 volumen
886 3599 1047 3673 debitum
1078 3603 1275 3698 excrescit,

174 3805 176 3813 Ι
269 3701 383 3791 barba
404 3716 442 3788 in
459 3730 585 3791 mento
601 3716 697 3793 uiriii
719 3734 926 3816 comparet,
954 3745 1031 3798 vox
1053 3720 1097 3797 fit
1117 3722 1273 3820 sonora,

265 3838 468 3931 mentisque
495 3839 692 3916 incuntes.
716 3845 861 3919 altiores
891 3847 1077 3939 emicant,
1116 3850 1275 3924 nobiiiu

258 3977 348 4057 des,
367 3963 563 4057 'multoque
581 3965 697 4062 magis*
712 3967 919 4062 expeditae,
946 3969 1154 4067 avigefimo
1173 3971 1276 4064 quin

269 4087 377 4195 ‘qud
401 4086 617 4185 trigedtutm
632 4089 804 4181 -qttintttm
831 4111 964 4174 uanum
988 4100 1121 4190 'corpus
1150 4093 1274 4168 latitu-

287 4258 291 4265 ·
342 4270 347 4279 -
1190 4219 1273 4293 dine
