3059 5142
311 592 399 703 300
535 561 718 655 Gmelini.
738 562 880 703 Semo
910 562 955 651 de
986 560 1138 665 erntir

260 720 263 727 ·
317 708 324 735 l

251 770 255 781 '
313 788 397 855 tus,
436 782 547 863 quem
559 809 574 851 ,
609 785 656 836 an
688 759 853 834 diuinum
883 761 1074 838 nominare
1114 758 1244 853 liceat,
1270 783 1334 849 ,an

312 887 449 966 alium?
495 887 577 962 Vos
603 879 745 985 ipfimet
769 880 951 973 iudicate,
984 884 1070 959 eum
1095 880 1175 983 pari
1199 878 1336 961 mentis

312 1016 444 1086 ardore
468 1012 511 1085 B.
537 1000 785 1106 chrysostomi
809 1003 932 1082 verbis
965 989 1153 1098 assentiar,
1184 1005 1333 1109 quando

312 1101 423 1210 dicit:
453 1127 767 1235 quemadmodum
797 1126 835 1202 in
860 1126 939 1205 auri
971 1125 1127 1207 metallis
1151 1156 1198 1208 ne
1222 1130 1334 1206 mini·

311 1281 412 1335 mam
438 1257 588 1359 quidem
612 1274 748 1329 venam
772 1252 975 1354 quispiam,
1009 1249 1176 1354 quirem
1201 1252 1335 1331 intelli·

312 1403 399 1484 gat,
424 1382 597 1461 omittere
621 1376 781 1475 patitur,
815 1395 860 1452 vt
884 1401 978 1485 quae
1002 1377 1048 1453 ad
1072 1375 1259 1479 augendas
1281 1375 1337 1454 di·

210 1514 213 1531 '
309 1506 419 1582 vitias
440 1502 640 1606 plurimum
663 1498 795 1589 faciat,
822 1499 937 1575 ita&
962 1502 1001 1575 in
1023 1499 1157 1576 diuinis
1171 1501 1336 1602 Scriptu-

310 1630 361 1702 ris
386 1651 433 1702 ne
458 1648 577 1703 vnum
601 1623 706 1713 iota,
742 1643 888 1699 vuusue
910 1647 1025 1726 apex,
1057 1623 1132 1701 imo
1156 1648 1208 1726 ne
1228 1626 1338 1701 dirui-

194 1762 220 1791 ‘¹
311 1724 418 1825 'dium'
438 1748 589 1850 quidem
621 1743 989 1849 praetermittendum
1014 1748 1091 1838 est,
1124 1747 1185 1825 sed
1209 1750 1336 1827 omnia

151 1880 153 1885 '
270 1908 273 1913 ·
311 1872 523 1973 diligentius
550 1869 779 1972 indaganda,
804 1893 890 1945 nam
904 1897 927 1946 a
941 1872 1078 1973 Spiritu
1093 1871 1225 1950 Saudo
1250 1896 1335 1975 pro·

310 2000 468 2074 veniunt
493 1996 640 2088 omnia;
672 2017 793 2095 neque
827 1994 865 2067 in
898 1996 955 2070 his
988 1998 1190 2099 quidquam
1215 1994 1337 2096 super·

310 2098 540 2209 vacaneum,
575 2116 667 2195 nihil
699 2141 775 2192 non
800 2117 1054 2211 necessarium,
1092 2120 1201 2222 quid,
1235 2118 1337 2221 quod

310 2269 388 2321 non
420 2240 583 2333 felicius,
623 2242 792 2317 maiusue
828 2242 1072 2320 humanarum
1105 2242 1337 2345 scientiarum

309 2366 456 2447 lucrum
481 2363 552 2442 elie
578 2360 707 2466 pollit,
734 2387 846 2465 quam
871 2367 971 2466 quod
988 2365 1135 2443 oracula
1152 2368 1259 2446 nobis
1280 2369 1336 2443 di-

310 2490 420 2567 uinae
453 2489 659 2590 Sapientiae
692 2490 730 2563 in
761 2485 914 2589 plenum
943 2492 1060 2567 ,vertit
1092 2490 1262 2583 succum,
1288 2478 1337 2568 ¹&

311 2609 536 2714 sanguinem.
689 2594 692 2605 ¹
810 2690 836 2723 f
1221 2668 1223 2672 -

412 2735 514 2809 Vere
546 2732 695 2832 quidem
727 2732 815 2806 huic
849 2732 1009 2833 indagini
1041 2732 1176 2812 biblico
1190 2737 1336 2812 -medi

312 2880 381 2934 cae
412 2853 587 2956 applicari
618 2854 736 2957 potest
768 2854 857 2931 illud
881 2854 1112 2950 Terentiam,
1145 2861 1245 2961 quod
1271 2858 1338 2953 ali·

313 2981 399 3057 cubi
425 2973 623 3081 allegatum
657 2978 813 3082 legimus
845 2977 1032 3058 ooeafione
1057 2980 1265 3084 plantarum
1298 2985 1338 3085 in

309 3103 485 3180 Hebraeo
510 3104 659 3179 Veteris
693 3102 915 3180 Testamenti
950 3109 1078 3183 codice
1110 3130 1336 3183 commemo·

188 3312 193 3321 ,
311 3232 497 3303 ratarum:
529 3227 736 3337 Veritatem
769 3230 832 3304 hic
865 3225 1036 3329 scruposrs
1066 3228 1246 3331 sequimur
1271 3255 1334 3308 va·

314 3350 382 3425 dis.
436 3351 570 3426 Fronte
600 3346 695 3426 exile
719 3353 933 3452 negotium,
969 3355 1008 3432 dr
1034 3354 1186 3455 dignum
1212 3354 1337 3455 pueris

313 3491 435 3574 putes.
509 3469 688 3575 Aggreffis
717 3473 821 3548 labor
850 3478 1011 3568 arduus,
1047 3500 1117 3551 nec
1145 3474 1337 3554 tradabiie

313 3586 461 3696 pondus
491 3595 554 3672 est.
616 3597 755 3694 Quodsi
787 3599 886 3672 enim
918 3596 981 3674 vel
1004 3600 1097 3693 solos
1123 3600 1185 3674 hic
1219 3600 1336 3678 Olaui

314 3716 445 3808 Gellii,
471 3719 507 3793 S.
529 3720 601 3796 Th.
624 3721 674 3796 D.
700 3721 739 3794 ὅ(
760 3720 967 3798 Professoris
991 3721 1202 3826 upsaliensrs
1232 3724 1336 3825 cogi·

310 3862 374 3918 tas
396 3840 558 3933 labores,
592 3867 750 3946 quorum
778 3841 944 3920 sudorem
953 3840 1142 3950 ··'congessit
1166 3844 1335 3924 insnum

311 3965 673 4057 HierobotanIcum,
706 3962 778 4043 [lue
809 3966 961 4061 breues,
997 3995 1088 4073 quas
1111 3992 1250 4064 vocat,
1270 3973 1336 4050 de

312 4085 447 4187 ‘plantis
462 4091 499 4168 S.
515 4091 723 4192 scripturae
747 4088 1030 4202 dissertationes,
1056 4094 1223 4198 upsaliae
1236 4117 1335 4217 anno

605 4244 608 4253 '
1223 4242 1336 4320 ¹745·
