3059 5142
484 602 649 691 Sacrae
678 536 923 712 Scnplurne.
980 594 984 601 ’
1087 621 1120 710 ᾗ
1158 608 1242 716 303'

216 797 582 887 determinationem,
604 816 709 888 tum,
731 822 828 898 quae
852 788 1122 897 progressurum
1148 796 1260 869 tutis*

215 924 255 998 in
287 946 333 999 ea
348 915 535 1035 *greffibus
567 922 794 1022 impediunt3
833 922 983 997 videtur
1016 917 1098 993 sane
1115 918 1257 1029 'cardo
1373 1020 1375 1025 Ι

215 1045 389 1148 spicilegii
414 1047 524 1121 huius
548 1046 689 1146 primus
717 1045 755 1122 in
780 1043 943 1145 pleniore
975 1043 1073 1122 verti
1097 1041 1241 1145 lingua·

214 1192 300 1244 rum
325 1168 558 1261 orientalium
582 1171 733 1260 notitia,
757 1190 871 1273 quam
888 1154 1152 1245 elibris·'adeo''
1168 1156 1239 1241 sul·
1372 1233 1380 1251 ,

213 1290 400 1370 ficientem
431 1318 619 1394 nunquam
644 1286 897 1386 ·haurias,''·ac
928 1292 1080 1396 quidem
1112 1314 1134 1365 e
1166 1290 1239 1366 fre-
1365 1280 1368 1293 '

213 1419 344 1517 quenti
376 1404 463 1493 cbm
497 1416 615 1495 doliis
640 1420 783 1497 ludaeis
818 1404 1116 1504 conuersatione,
1150 1422 1238 1489 cum

210 1542 302 1617 viris
327 1540 473 1644 linguae
499 1544 688 1645 Syriacae,
721 1544 969 1645 Arabicae'que
991 1539 1141 1643 peritis,¹
1170 1524 1239 1615 ¹deb

210 1665 298 1743 inde
321 1690 434 1757 vero,
462 1669 485 1743 fi
509 1668 659 1775 quidem
683 1666 774 1745 licet
798 1688 864 1745 aut
888 1666 969 1768 ipfis
992 1658 1237 1742 adireonee
1383 1708 1390 1723 ·

211 1807 312 1879 tem,
349 1793 494 1891 syriae,
534 1790 827 1890 Palaestinaeque
858 1790 996 1881 valles,
1036 1807 1102 1864 aut
1132 1802 1236 1863 certe

207 1911 282 1988 frui
308 1937 421 2016 opera
445 1918 643 2009 Virorum,
679 1919 719 1995 δι
743 1914 907 1997 fidelium
939 1913 1023 1991 latis
1055 1914 1093 1987 in
1121 1934 1234 2012 expos

209 2038 340 2113 nendis
356 2040 423 2114 his
448 2040 716 2144 vegetabilibus
739 2038 945 2129 miraculis,
971 2039 1010 2113 δι
1035 2036 1234 2111 Boranicae'

209 2164 294 2238 latis
309 2164 533 2263 peritorum,
549 2164 768 2267 linguasque
786 2162 868 2240 satis
884 2161 1097 2237 callentium
1112 2148 1234 2234 orien-¹

207 2284 321 2375 tales,
358 2289 421 2389 qui
451 2312 498 2365 ex
528 2290 702 2367 itinerum
733 2288 883 2365 suorum
918 2288 1040 2364 diariis
1073 2262 1236 2387 ingenue'

205 2410 333 2501 nobis,
361 2436 601 2514 quaecunque
625 2413 723 2490 circa
746 2412 813 2489 has
836 2411 1031 2501 viderunt,
1055 2408 1095 2485 dr
1114 2388 1233 2483 obser·¹

205 2542 344 2611 varunt'
372 2536 538 2637 plantas,
554 2536 748 2631 'referant,
778 2535 904 2639 quodsi
937 2532 1233 2643 denique-tertio

206 2659 349 2736 Critica
381 2661 480 2751 sarcia
508 2660 786 2767 Tli'eologorum
818 2662 1044 2766 praecipue,
1085 2657 1153 2761 qul
1180 2654 1232 2731 ¹⁶⁴
1354 2764 1356 2769 ,

204 2780 328 2859 &ione
350 2785 495 2863 versant
517 2786 666 2878 diurna,
684 2786 942 2889 noeturnaque
957 2784 1074 2887 ipsum
1088 2782 1233 2859 sacrum*

204 2908 395 3001 codicem,
423 2911 470 2984 ab
493 2912 596 2987 omni
619 2910 734 2989 libera
758 2915 921 3016 partium
946 2909 1085 2999 studio,
1113 2906 1231 2983 solum

202 3051 347 3108 attenta
372 3031 485 3108 senlui
509 3035 624 3110 diuini
646 3038 821 3125 Autoris,
847 3037 972 3113 omnia
991 3033 1161 3135 suggerat
1183 3030 1231 3108 de

200 3154 337 3269 plantis
362 3156 420 3232 bis
446 3159 553 3250 data,
587 3161 627 3241 δι
649 3158 823 3270 parallela
847 3158 951 3250 loca,
985 3176 1230 3259 quaecunque

199 3278 402 3381 pleniorem
433 3281 517 3357 heic
550 3278 752 3373 accendere
786 3281 905 3361 facem
937 3276 1104 3386 poliunt,
1137 3272 1231 3354 nihil

200 3404 318 3480 deerit
343 3403 425 3480 sane
451 3429 518 3507 pro
543 3409 709 3486 texendo·
729 3406 793 3496 filo
819 3407 1023 3501 Ariadneo,
1054 3403 1166 3506 quod·
1180 3408 1234 3477 err
1362 3510 1369 3529 .

196 3526 259 3605 his
295 3550 365 3606 nos
407 3550 556 3633 promte
605 3534 720 3610 ducat
753 3531 982 3641 labyrinthis.
1058 3528 1226 3617 Verum,

198 3652 326 3754 quodsi
349 3654 425 3731 iam
449 3678 535 3732 cum
556 3658 629 3735 hac
653 3650 743 3734 recti
769 3679 899 3743 norma
923 3674 1117 3762 comparas
1131 3648 1233 3750 ipsos*

197 3777 454 3870 eruditorum,
494 3780 535 3858 &
566 3778 889 3860 eruditillimorum
913 3780 1093 3870 Virorum
1125 3774 1224 3853 labo·

197 3924 281 3989 res,
307 3901 401 3979 lucri
424 3905 482 3982 his
506 3909 646 3985 coemti
669 3903 854 3984 calculum
877 3898 1138 3997 subdudums,
1170 3898 1223 3973 in·

196 4024 325 4102 venies
349 4028 487 4131 vbique
519 4030 705 4112 obstacula
740 4052 859 4133 aeque
890 4024 1009 4105 multa
1032 4025 1143 4101 huius
1168 4021 1249 4133 ina'u

196 4142 364 4253 daginis,
396 4158 494 4256 quae
523 4158 596 4241 bas·
621 4156 827 4237 euitaturos
852 4156 976 4256 Syrtes
1007 4144 1223 4257 praecipita·

671 4282 709 4357 u
734 4302 759 4379 4
1112 4289 1219 4359 runt,
