3059 5142
171 615 175 623 ·
251 684 254 689 y
342 592 427 657 122
491 556 667 651 ermelini
681 520 1304 667 Oratiodeflnlmoehumonoa
1404 544 1407 549 ¹

227 790 240 817 ··
337 732 462 835 nentis
487 746 775 831 iritetcostalibus
802 753 900 854 posse
924 753 1072 856 stringi,
1112 772 1158 829 vt
1183 753 1359 871 sanguine

340 886 380 959 in
406 879 576 957 musculis
606 898 751 957 retento
782 880 900 959 maior
939 880 998 954 edi
1034 873 1156 976 pollet¹
1180 892 1356 965 conatus.

337 1008 453 1087 Porto
479 1005 620 1079 arteria
629 999 814 1098 stabelauia
836 1002 995 1104 eleganti
1020 1003 1240 1086 continetur·
1260 1001 1358 1092 ansa,

339 1153 453 1229 quam
479 1128 553 1202 duo
575 1124 876 1214 rami'formant‚
901 1127 939 1199 in
964 1148 1056 1225 quos
1080 1147 1224 1204 neruus¹
1246 1127 1364 1209 inter.

249 1292 252 1303 ·
338 1250 505 1339 costalis,
538 1248 601 1326 vel
623 1250 748 1348 potius
773 1251 861 1325 eius„
884 1247 1056 1348 ganglion
1081 1250 1199 1341 modo,
1220 1246 1390 1341 ditium·

235 1426 243 1457 -.
335 1376 520 1451 diuiditur
527 1421 542 1462 ,
588 1375 709 1447 minor
733 1396 868 1463 eorum
889 1374 1048 1458 anterior
1055 1419 1075 1461 ,¹
1110 1391 1198 1455 ante¹
1220 1371 1368 1463 subala.

338 1500 441 1575 viam
464 1496 640 1580 arteriam¹
663 1497 714 1577 ad,
733 1497 909 1583 interiora·
923 1495 1095 1585 orientis,
1120 1499 1367 1589 mammariae·

278 1707 281 1717 Ι
340 1622 563 1708 descendit„
579 1619 852 1725 retrorsumque¹
872 1617 992 1698 flexus,
1015 1618 1111 1692 circa
1136 1618 1379 1708 sabelliniam*

340 1746 513 1821 arteriam
539 1743 578 1819 in
602 1745 762 1844 primum
788 1742 1019 1819 thoracicum
1045 1740 1275 1843 ganglionse,
1292 1744 1368 1833 ima

339 1868 480 1959 mittit,
493 1867 578 1953 noc,
601 1885 729 1954 autem
750 1863 924 1977 ganglion
934 1866 1052 1955 oritur
1067 1868 1369 1961 emaioretrarrf.

1204 1998 1207 2009 '
1259 1989 1367 2091 taba

416 2188 491 2258 rur,
504 2188 549 2251 'acl
565 2187 702 2249 metrum
717 2188 790 2265 eiua·
801 2186 913 2251 faciunt
928 2185 1045 2269 aliquid¹
1059 2187 1190 2266 caplillae
1205 2188 1370 2266 aemalae„

340 2328 342 2337 =
427 2294 496 2363 vel,
517 2310 552 2353 vt
567 2292 777 2362 aliasvocant‚¹
808 2313 971 2362 neruorum
991 2292 1147 2372 vaginae.¹
1170 2286 1364 2372 Laq'urorum

427 2392 539 2457 horum
564 2395 698 2473 exempla
725 2393 830 2457 natura
857 2395 976 2457 exhibet
1001 2395 1151 2473 plurima,
1177 2414 1365 2473 percorpus

242 2520 266 2549 κ
338 2520 341 2525 ·
426 2498 601 2576 sparst‚.&
630 2498 944 2576 praecipue·vasorum
972 2496 1203 2577 sanguineorum
1232 2497 1364 2575 systema.

352 2662 357 2669 ,
427 2602 473 2663 Ita
487 2620 524 2660 ex
542 2597 717 2659 intercostali
735 2600 849 2670 neruo,
867 2604 917 2662 vcl
931 2600 1070 2677 fimplici,
1095 2599 1144 2659 vel
1164 2597 1296 2677 duplici,
1318 2601 1365 2662 vti

338 2737 343 2743 ·
413 2705 592 2766 'Generosos
624 2702 662 2761 dc
692 2701 794 2762 Haller
821 2702 917 2774 vidit„
939 2703 1037 2764 radice
1070 2718 1154 2770 orto,
1181 2704 1264 2763 varie
1297 2702 1363 2766 fiffo

427 2826 492 2869 rere
508 2804 646 2883 prouenit
672 2802 820 2867 rubrum.
845 2804 1095 2874 seminandum,
1121 2805 1261 2867 innatum-
1276 2806 1364 2867 inuo-

428 2912 514 2971 lucro
537 2904 673 2968 carotidia
696 2908 846 2978 internae,
868 2909 950 2991 quod
971 2929 1036 2970 eam
1060 2909 1195 2968 arteriam
1218 2909 1365 2980 obnubit,

315 3088 317 3093 ,
344 3033 348 3037 ·
428 3029 616 3099 peromnem
634 3000 712 3070 viam
723 3004 746 3078 ,⁴
761 3010 851 3091 q'uam
866 3014 988 3094 longam
1004 3013 1070 3074 satis
1098 3009 1282 3088 transpetrofi
1316 3031 1363 3072 os·

348 3178 353 3189 ,
428 3117 465 3178 fis
479 3114 608 3177 canalem
622 3113 759 3173 emetitur
776 3114 893 3176 &alter
910 3117 996 3176 nerui
1008 3134 1107 3176 ramus
1126 3114 1300 3192 plerumque
1316 3116 1364 3176 su·

429 3222 484 3299 pra
507 3238 571 3278 eam
594 3217 747 3287 arteriam,
767 3217 839 3278 alter
851 3216 928 3279 infra
950 3217 1057 3296 posrtus
1070 3217 1199 3279 mediam
1212 3236 1277 3277 eam
1291 3237 1363 3278 con·

356 3319 361 3332 '
429 3324 521 3390 tinet,
544 3319 640 3381 donec
656 3320 792 3397 percurso
808 3322 869 3394 jam
886 3321 963 3383 offeo
983 3338 1082 3381 meatu
1097 3321 1241 3380 invnam
1251 3319 1364 3380 iterum

429 3425 582 3488 confluant
598 3440 749 3483 truncum.
782 3424 829 3484 Ab
848 3423 952 3485 eodcm
971 3422 1148 3484 intercostali
1157 3442 1270 3492 neruo,
1286 3423 1363 3482 eius·

417 3548 490 3609 ·que
506 3527 638 3605 principe
651 3526 773 3607 ganglio
796 3527 930 3587 ceruicali
953 3525 990 3586 ad
1010 3525 1201 3603 posteriorem
1224 3525 1364 3586 carotidis

430 3633 577 3692 internam
606 3627 710 3689 faciem
728 3630 803 3689 rami
824 3631 937 3708 aliquot
952 3627 1079 3698 abeunt,
1108 3628 1141 3690 ἃ
1156 3626 1262 3704 inipso
1284 3625 1364 3687 diui·

428 3731 531 3802 fione,
555 3752 613 3811 qua
634 3730 739 3792 secedit
762 3730 799 3791 ab
815 3731 933 3801 interna¹
953 3747 1089 3800 externa,
1116 3728 1245 3790 formant
1267 3746 1362 3810 gang·

430 3835 527 3905 lium,
554 3833 642 3893 huius
656 3850 753 3894 autem
769 3833 884 3913 ganglii
895 3833 970 3894 rami
986 3832 1018 3896 &
1039 3835 1072 3894 in
1102 3831 1261 3894 carotidem
1287 3849 1380 3902 arte·¹

430 3939 506 3999 riam
528 3934 728 4005 descendunt,
756 3936 789 3998 &
809 3936 970 4017 lingualem
991 3953 1077 4017 atque
1099 3934 1291 4012 temporalem
1319 3934 1363 3994 se·

431 4046 566 4120 quantur
579 4039 643 4100 satis
658 4037 812 4098 notabiles.
847 4040 891 4099 lta
904 4040 1026 4117 propius
1037 4039 1185 4117 vtrimque
1207 4037 1363 4097 trunculus

432 4160 451 4204 a
471 4160 566 4205 neruo
584 4140 771 4204 intercostalis
794 4141 925 4205 cardiaco
939 4142 993 4203 sub
1008 4141 1111 4203 arteria
1121 4138 1291 4220 tlryroidea,
1308 4141 1363 4200 vbi

1278 4260 1361 4303 caro·
