3059 5142
342 560 429 673 360
625 494 741 645 loon..
765 550 877 667 Aug.
900 550 1054 671 Ernesti

338 754 478 861 plinta,
500 749 543 831 dt
562 752 789 843 orationem,
822 750 862 827 δι
888 750 1006 827 vitam
1027 748 1160 849 ipsam,
1193 748 1354 843 iudicio,

337 878 529 983 diligentia
555 872 796 977 &elegantia
832 874 895 949 sua
921 892 1073 972 regant,
1113 872 1273 975 fingant,
1315 876 1356 951 &

337 1002 501 1110 poliant,
524 996 731 1101 permultos
753 988 942 1073 defiderat.

442 1129 529 1225 Quo
554 1120 671 1222 magis
691 1140 851 1221 aequum
873 1114 1042 1221 videtur,
1065 1118 1117 1193 ita
1133 1118 1179 1193 de
1192 1137 1355 1219 utroque

336 1272 470 1357 genere
489 1246 720 1350 ingeniorum
742 1242 919 1330 statuere,
945 1262 990 1319 vt
1013 1244 1059 1318 de
1075 1241 1299 1319 fortitudinis
1315 1244 1355 1321 dt

336 1371 494 1455 iustitiae
517 1368 793 1468 comparatione
822 1364 1025 1446 iudicatum
1052 1367 1219 1441 videmus
1244 1392 1266 1439 a
1288 1368 1355 1445 Ci-

335 1517 494 1583 cerone,
520 1492 584 1595 qtti
606 1488 706 1565 illam
729 1488 918 1590 splendore
941 1490 1243 1565 &admiratione
1273 1517 1354 1568 ma-

322 1616 496 1706 xlmam,
520 1614 618 1691 hauc
644 1606 855 1691 neceffitate
885 1611 925 1688 δι
959 1613 1120 1690 utilitate
1150 1614 1353 1716 principem

333 1759 526 1829 numerat,
550 1758 596 1815 vt
614 1762 686 1840 qua
707 1736 778 1813 fine
800 1735 980 1814 fortitudo
1007 1762 1054 1815 ne
1082 1738 1178 1813 tueri
1203 1738 1354 1837 quidem

333 1890 474 1947 nomen
498 1864 624 1953 suum,
647 1862 687 1939 dt
711 1862 758 1937 ab
787 1862 1016 1940 immanitate
1040 1862 1074 1939 se
1100 1856 1208 1964 pollit
1239 1860 1355 1938 secer-

334 2013 447 2081 ποῖος
476 1991 572 2065 hanc
599 2009 689 2064 vero
720 1982 832 2083 ipsam
861 1985 1006 2063 causam
1041 2007 1236 2083 utramque
1273 1986 1354 2063 vim

334 2110 471 2215 ingenii
495 2112 627 2187 eodem
650 2108 787 2211 gradu,
821 2108 1056 2211 eiusdemque
1079 2103 1205 2183 Claffis
1235 2108 1353 2185 hono·

204 2312 208 2325 ‚
333 2258 377 2315 te
398 2234 594 2337 coniungi:
620 2232 722 2332 quod
744 2233 940 2310 videantur
962 2234 1074 2310 etiam
1095 2231 1168 2303 hoe
1189 2231 1354 2329 aequiori

320 2358 460 2441 mino
481 2357 575 2437 ferte
595 2355 757 2446 debere,
772 2378 849 2455 quo
879 2357 995 2455 magis
1018 2356 1098 2430 sunt
1120 2372 1250 2427 natura
1277 2352 1356 2453 ipsa

335 2480 554 2563 eoniuniiae
575 2480 616 2561 dt
637 2480 828 2557 communi
850 2480 1089 2557 humanitatis
1112 2475 1262 2553 vinculo
1289 2501 1353 2554 co·

333 2608 494 2713 pulatae.
1092 2658 1094 2665 ·

434 2731 506 2807 Sed
527 2748 574 2804 ex
599 2752 645 2806 eo
668 2738 801 2830 genere
825 2725 1076 2825 ingeniorum,
1103 2723 1203 2827 quod
1216 2723 1353 2800 iudicio

335 2852 518 2957 elegantia
542 2851 581 2926 ἃ
598 2849 789 2928 venustate
809 2847 928 2941 valet,
964 2876 1081 2954 nuper
1111 2847 1353 2927 excellentem

336 2975 378 3055 δι
403 2996 579 3076 magnum
599 2974 733 3052 Virum
765 2974 961 3050 habuimus
989 2979 1027 3051 in
1056 2977 1127 3048 hac
1153 2974 1256 3047 Vrbe
1283 2977 1352 3053 lO.

336 3097 576 3179 lACOBVM
600 3096 937 3188 MASCOVIVM,
961 3120 1071 3197 quem
1096 3091 1275 3171 veriffime
1300 3100 1354 3173 iu·

337 3223 477 3301 &cauit
502 3218 593 3295 Ern.
616 3218 690 3296 Sal.
721 3221 936 3321 Qpprianus,
969 3218 1182 3318 Theologus
1208 3219 1354 3297 Gotha·

335 3369 425 3435 nus,
452 3343 491 3419 ὅ(
529 3343 668 3439 peritus
691 3344 728 3417 in
760 3346 830 3418 hac
858 3344 1029 3434 ratione,
1070 3345 1108 3418 ἃ
1131 3343 1275 3418 seuerus
1297 3344 1354 3417 iu·

337 3472 429 3551 dex,
455 3488 562 3551 cuma
588 3464 626 3539 in
650 3465 801 3566 epistola
823 3468 1010 3567 quondam
1033 3470 1080 3544 ad
1111 3467 1270 3567 aliquem
1302 3470 1353 3545 de

337 3588 501 3690 Collegit
532 3590 681 3678 nolitis,
719 3594 873 3665 omnium
897 3590 1153 3694 elegantiarum
1173 3607 1353 3689 promum·

173 3746 176 3751 ·
335 3710 482 3793 condam
510 3711 558 3790 Εἴ
579 3708 761 3789 arbitram
782 3713 990 3816 appellauit.
1040 3715 1126 3787 Erat
1153 3713 1192 3787 in
1217 3739 1262 3791 eo
1287 3741 1354 3793 na·

336 3854 421 3917 tura
444 3835 642 3911 acerrimus
672 3835 876 3937 elegantiae
906 3836 1042 3927 sensus,
1076 3861 1149 3936 quo
1176 3839 1355 3919 incitante

230 4000 233 4007 ·
336 3962 449 4039 etiam
470 3974 614 4032 mature
636 3958 669 4031 se
692 3961 732 4035 δι
751 3959 904 4039 studiose
936 3963 1144 4039 contulerat
1175 3963 1221 4035 ad
1253 3983 1352 4038 artes

336 4105 399 4162 eat
425 4101 553 4160 omnes
576 4076 769 4191 diligenter
790 4084 982 4182 colendas,
1016 4111 1080 4186 per
1109 4107 1198 4186 quas
1221 4085 1261 4159 δι
1290 4084 1354 4161 ille

1234 4207 1356 4283 senius·
