3059 5142
316 514 325 593 .'
338 560 426 679 374
494 506 497 511 ⁵
626 524 736 619 ban.
755 526 868 643 Aug.
883 526 1038 647 Ernesti
1085 632 1087 639 ,

335 723 482 806 vident·
532 723 655 823 atque
681 724 814 816 etiarn,
848 702 954 829 quie¹
969 721 1189 803 subtiliorem
1210 727 1356 807 'trabla-

213 942 224 955 J
337 850 480 929 tionem
503 844 703 933 desiderate
723 844 967 938 videbantur,
996 846 1202 950 separatim,
1230 876 1278 927 ne
1306 856 1356 945 seq

198 1026 203 1033 ·
337 972 409 1051 ties
433 993 558 1049 rerum
581 968 885 1071 disputationibus
909 952 1134 1081 longioribus
1161 976 1357 1074 impedire·

233 1157 248 1171 .
336 1112 423 1184 tur,
461 1090 510 1170 ad
539 1090 679 1170 calcem
708 1093 830 1205 operis
862 1089 1071 1196 diligentius
1104 1100 1143 1174 ὅ(
1176 1100 1357 1177 eruditius

334 1200 571 1298 illustrantia.
620 1200 837 1293 Pulcritudo
862 1217 984 1319 operis
1006 1214 1056 1292 est
1081 1218 1181 1309 talis,
1209 1222 1356 1320 qualem

334 1338 457 1455 tenuia
481 1333 697 1464 plerumque
719 1320 872 1416 materia
897 1337 1016 1440 capit,
1044 1343 1160 1442 magis
1183 1347 1228 1418 ab
1254 1343 1355 1421 habi

333 1485 380 1565 tu
407 1456 528 1565 operis
567 1452 771 1577 uniuersi,¹
788 1482 898 1573 quam
935 1458 957 1536 s
947 1460 1155 1563 ngularum
1193 1466 1355 1565 partium

303 1572 645 1670 ¹exortationibus.
695 1581 743 1659 Et
774 1599 921 1675 tamen,
957 1584 1022 1659 vbi
1055 1582 1222 1666 facultas
1244 1591 1354 1667 daba-

331 1726 415 1809 tur,
441 1727 561 1784 mores
586 1688 776 1780 illustrium
792 1702 986 1815 hominum
1009 1705 1154 1810 locique
1173 1712 1357 1813 exquisrta

319 1821 522 1917 uenuliate,
548 1824 714 1929 descripti
740 1806 845 1921 ἰωὴ,
872 1830 910 1906 &
938 1830 1135 1910 sententiae
1158 1834 1356 1936 adspersae.

431 2009 793 2091 Commentariorum
819 2006 890 2081 tria
913 2006 1102 2087 volumina
1124 2036 1182 2124 rep
1209 2018 1357 2118 Imperii

332 2135 444 2215 nostri
464 2131 741 2238 persequuntur.
801 2129 1003 2210 Confilium
1035 2137 1139 2225 suit,
1162 2160 1285 2215 totum
1313 2141 1356 2217 il·

286 2246 291 2257 ¹
330 2262 411 2340 ium
432 2277 645 2358 temporum
670 2255 709 2331 ὅ(
733 2277 858 2329 rerum
882 2251 1064 2347 madium,
1091 2263 1153 2357 qui
1170 2264 1216 2341 ab
1242 2266 1356 2343 initiis

326 2382 501 2486 imperii,
527 2380 633 2482 quod
654 2379 801 2480 proprie
826 2378 1090 2455 Germanicum
1123 2386 1279 2476 dicitur,
1315 2390 1354 2465 ἃ

331 2506 514 2611 Conrado.
540 2505 661 2608 primo
685 2504 732 2578 ad
765 2501 983 2602 sigismundi
1018 2494 1177 2582 Caesaris
1211 2512 1354 2588 exitum

331 2631 521 2734 pertinet,
544 2626 705 2728 ¹aliquot
736 2623 987 2701 voluminibus
1025 2628 1244 2732 compleili‚
1287 2655 1354 2723 vt,

332 2751 647 2857 quemadmodum
669 2750 884 2824 veterrimas
909 2773 967 2825 res
984 2751 1254 2830 Germanorum
1271 2781 1354 2830 ver·

331 2874 495 2964 naculis,
519 2872 576 2948 sic⁸
591 2871 733 2947 mediae
753 2875 884 2971 aetatis
912 2870 1032 2951 latinis
1060 2877 1175 2955 literis
1200 2875 1353 2954 illustra·

332 3020 391 3077 tas
415 2998 647 3098 relinqueret.
697 2998 770 3072 Sed
794 2999 884 3091 ,dum
898 3019 1061 3098 ,propter
1095 3001 1221 3078 audos
1251 3002 1355 3079 labo·

226 3169 229 3175 ·
332 3120 608 3227 respublicas,
650 3120 962 3220 obrepentemque
993 3123 1183 3223 paullatim
1221 3128 1354 3203 aetatis

1253 3248 1354 3324 infir·

406 3417 867 3483 axencl'rATrouns
902 3418 1251 3487 ACADEMICAE.

411 3565 584 3628 Exercitatio
599 3564 633 3625 in
648 3565 752 3647 Qtinti
772 3566 888 3628 Horatii
899 3569 989 3631 Flacci
1004 3568 1128 3646 Satyras.
1142 3593 1193 3609 -·
1220 3584 1302 3651 1714.
1321 3588 1352 3652 4.

331 3684 334 3689 '
410 3667 585 3731 Exercitatio
605 3667 728 3728 secunda
744 3668 777 3729 in
794 3670 898 3755 Qinti
921 3671 1036 3733 Horatii
1058 3671 1151 3733 Flacci
1161 3674 1275 3753 Satyrus
1301 3697 1352 3715 -·-

413 3770 501 3852 1716·
516 3786 546 3853 4.
584 3773 703 3835 Differt.
717 3771 823 3855 Inaug.
839 3773 876 3835 de
894 3774 1070 3856 Originibus
1086 3775 1253 3837 officiorum
1280 3779 1353 3841 auli·

352 3883 372 3901 ”
411 3894 514 3941 corum
537 3876 615 3936 Sacri
638 3877 765 3938 Romani
787 3876 907 3956 Imperii
930 3878 1021 3939 Halae
1044 3884 1125 3957 1718.
1142 3896 1172 3957 4.
1232 3881 1354 3942 Differo

409 3977 449 4040 de
463 3977 655 4057 Expeditius
670 3977 703 4036 in
722 3974 819 4040 Feuda
834 3978 964 4058 Imperii.
982 3981 1057 4059 Lips.
1077 3995 1201 4060 1719.4.
1242 3982 1354 4064 Progr.

304 4128 306 4133 .
410 4078 448 4144 de
468 4078 601 4163 lugdun,
621 4078 729 4160 quibus
743 4099 794 4142 aut
811 4081 1001 4143 constitutum
1017 4081 1075 4143 fuir
1099 4082 1267 4166 Collegium
1293 4088 1355 4146 Au·

1216 4205 1353 4267 gutum,
