3059 5142
268 404 282 449 χ
318 462 322 471 .

241 644 244 663 =
286 604 331 691 de
351 596 481 690 Libris
497 616 584 684 ram
597 598 711 685 nouis
729 623 852 711 quam
869 599 1054 713 antiquis.
1123 626 1205 725 42r
1363 654 1399 675 .-

193 796 280 899 lega
307 798 380 872 Dn.
412 788 591 883 Gebauer,
632 794 670 867 in
693 786 976 893 praestantiffimi
1004 793 1140 894 Operis
1166 797 1213 873 de
1308 790 1310 799 ’
1342 872 1346 879 ,

193 918 342 995 historia
369 917 571 993 Lusitanica
601 913 826 1016 praefatione
860 914 899 988 dc
921 916 959 989 in
990 915 1212 1017 praefatione

193 1042 364 1135 alterius,
387 1041 433 1116 de
453 1040 578 1140 primis
594 1036 958 1137 historiaeEuropeae
973 1038 1096 1129 lineis,
1110 1067 1207 1143 egre·
1364 1100 1392 1137 „.

193 1167 244 1267 gii
267 1165 347 1239 libri
372 1162 503 1239 effudit
527 1184 606 1238 tum
645 1163 690 1237 de
723 1161 793 1236 suis
824 1179 905 1236 tum
931 1158 1211 1264 Gundlingianis
1398 1244 1403 1257 ,

190 1288 396 1388 praeceptis
419 1289 617 1363 immature
639 1284 801 1389 vulgatis
816 1280 1024 1385 querelam,
1052 1310 1208 1391 eamque
1257 1382 1263 1391 .
1364 1306 1370 1363 ’.

189 1412 341 1489 omnino
365 1405 599 1491 iustissimam.

290 1645 505 1745 speciminis
534 1643 619 1722 loco
651 1637 882 1741 paucissima,
920 1645 1040 1745 primo
1055 1644 1208 1741 obtutu

186 1787 353 1868 reperta,
380 1770 556 1845 dabimus.
576 1794 610 1870 p.
628 1776 664 1844 6.
687 1764 848 1860 Galliis,
875 1759 1206 1865 vocatuanlloie.
1253 1806 1255 1810 ⁷
1307 1836 1311 1842 .
1394 1780 1397 1789 '

181 1910 224 1990 p.
248 1902 283 1978 8.
310 1892 464 1968 dicitur:
490 1891 586 1969 Adr.
610 1887 743 1967 Bnillet
767 1894 812 1983 ist
833 1884 891 1967 ain
913 1870 1208 1983 Bibliothecariur

183 2010 243 2088 des
266 2011 455 2092 Cardinalr
476 2012 632 2091 Lnrrnoie
641 2010 805 2116 genesta
856 2012 1005 2114 Duplex
1029 2015 1090 2089 hic
1105 2038 1207 2095 error
1336 2116 1340 2137 Ι

184 2134 259 2224 est,
288 2137 370 2214 satis
395 2139 525 2237 vtique
546 2134 693 2212 crassus.
745 2136 867 2211 Primo
890 2159 1023 2213 nomen
1039 2138 1206 2238 peruerse

182 2257 380 2358 scriptum,
418 2260 518 2360 quod
548 2260 671 2360 potius
691 2238 915 2365 'Lumoignon
952 2256 1070 2334 efferri
1087 2262 1205 2339 'debess
1312 2258 1315 2265 ’

183 2381 266 2455 bat:
294 2383 451 2459 secundo
475 2360 630 2483 magnus
655 2378 714 2456 ille
738 2382 834 2470 Vir,
861 2404 1089 2481 nunquame
1119 2408 1204 2485 purg

181 2526 400 2605 putatorum
425 2505 601 2582 Eccleda'e
632 2507 820 2579 Romanae
847 2522 994 2604 patrum
1020 2530 1205 2601 numero,

181 2626 242 2702 sed
268 2630 403 2705 Curiae
430 2632 615 2731 supremae
641 2627 816 2702 Parisrnae
832 2625 974 2702 Praeses
992 2627 1075 2703 fuit:
1092 2655 1126 2733 p.
1145 2656 1201 2731 13·

184 2745 390 2828 Wilthemr'o
413 2755 586 2832 videntur
608 2745 875 2827 Commentarii
899 2751 945 2826 de
967 2753 1130 2855 pluribus
1148 2758 1201 2832 atss

178 2874 292 2949 tribui
326 2876 523 2978 Diptychis
560 2872 838 2963 Leodienfibus,
880 2875 985 2950 cuius
1021 2897 1070 2955 tn.
1106 2877 1201 2977 libro¹
1343 2874 1346 2881 ¹

178 2997 316 3073 titulus.
336 2998 519 3100 praefixus
543 2997 614 3072 est:
640 2990 864 3096 Diptbychon
893 2992 1094 3097 leodiense,
1136 3012 1200 3107 qui

176 3124 227 3197 de
253 3146 329 3198 vno
352 3124 505 3225 proinde
531 3118 675 3207 saltem,
700 3142 775 3194 non
795 3141 883 3194 vero
899 3116 1084 3220 pluribus,
1111 3125 1201 3211 facit

176 3245 394 3321 sermonem·
447 3244 486 3319 ln
512 3245 712 3345 appendice
742 3264 832 3320 vero
867 3247 913 3317 ad
943 3243 1035 3319 istud
1066 3250 1200 3353 Dipty.

175 3369 297 3458 chon,
323 3371 520 3470 praecipue
540 3367 671 3470 ‘agitur
693 3367 739 3440 de
759 3366 994 3468 pugillaribus
1014 3384 1197 3452 veterum.

174 3516 215 3597 p.
247 3504 303 3581 ¹8·
330 3494 490 3569 Miretur
505 3491 637 3581 ledor,
664 3487 950 3591 vulg-atiffimum
968 3492 1097 3570 Ouidii
1114 3520 1199 3574 ver·
1299 3511 1303 3521 ‘

175 3618 257 3692 sum
279 3616 441 3717 sequenti
463 3615 634 3717 scriptum
660 3610 730 3689 effe
761 3612 894 3693 modo'a
925 3616 1041 3706 „Nec
1070 3621 1199 3702 titulus
1262 3608 1265 3613 ⁵

141 3738 144 3743 ’
175 3738 319 3830 Minio,
346 3765 410 3816 nec
532 3735 665 3817 Charta
681 3753 877 3834 noteturs„
928 3740 1096 3839 Qraeso!
1123 3769 1197 3833 nou

176 3860 413 3940 succurrebat
433 3887 511 3941 vox
539 3863 672 3942 Cedro?
704 3882 770 3937 aut
796 3867 916 3941 maius
948 3864 1009 3941 illa
1042 3866 1197 3966 postula·
1310 3960 1313 3965 Ι

174 3987 245 4063 bat
267 3986 329 4062 fibi
353 3987 528 4091 spatium,
555 4010 667 4089 quam
681 3985 842 4087 lineolae
857 3988 939 4064 illae
957 3994 1196 4070 transuersae?

173 4132 215 4219 p·
239 4132 303 4192 ιο.
328 4111 407 4190 Vix
419 4111 635 4193 crediderim
649 4110 834 4217 sequentia
850 4108 1061 4217 Dodiffirno
1070 4118 1198 4197 Koch.

298 4268 306 4277 ’
1114 4239 1194 4328 lero
