3059 5142
442 543 644 633 Memoria
664 496 932 665 Mrfiorliorru.
1000 530 1006 549 ’
1110 514 1195 666 ςόξ
1323 622 1329 628 .

177 740 290 827 etiam
316 759 445 821 tenues
467 760 599 819 natura
622 740 683 818 sua
714 740 753 818 δι
776 739 937 818 'horidae
961 759 1019 815 res
1044 738 1196 817 nitesce.

178 864 279 971 bant.
339 866 454 963 Quod
487 884 632 942 tantum
667 864 751 940 Viri
783 846 925 939 summi*
950 864 1089 939 bonum
1122 864 1197 941 hoc
1305 902 1308 911 ·

169 974 256 1087 ,erar
281 988 492 1079 amabilius,
518 988 618 1089 quod
644 989 684 1063 δι
708 987 799 1065 alios
816 986 980 1063 eiusdem
995 982 1198 1090 elegantiae

178 1104 279 1207 sensu
305 1113 343 1189 dc
368 1134 493 1187 amore
518 1113 683 1188 imbuere
707 1109 904 1201 didicerat,
939 1109 1001 1199 dt,
1042 1110 1197 1210 quicun-

177 1220 252 1341 que
279 1230 385 1311 se‘ad
410 1234 488 1312 eius
513 1232 737 1336 disciplinam
762 1219 1117 1310 &consuetudinem
1144 1238 1198 1314 di·
1293 1334 1297 1341 Ι

177 1327 351 1462 ligentius
386 1354 634 1473 applicarant,
668 1357 714 1433 ad
745 1354 849 1431 suum
873 1355 1084 1457 exemplum
1110 1382 1197 1435 con
1260 1385 1264 1393 ·

177 1462 395 1599 formabat.
439 1480 521 1555 Nec
555 1503 647 1558 vero
680 1482 753 1554 hoc
786 1503 902 1553 vnum
932 1478 1072 1555 bonum
1098 1499 1200 1585 erat,

178 1572 332 1711 propter
359 1600 459 1703 quod
486 1590 572 1680 eum
606 1600 948 1692 admirabamur,
937 1626 975 1679 m
1010 1604 1200 1702 oculisque

177 1720 408 1819 ferebamuS,
446 1725 506 1803 sed
539 1727 577 1800 id
602 1724 726 1801 multis
752 1724 830 1800 aliis
856 1749 931 1800 non
956 1728 1076 1803 minus
1098 1752 1204 1828 prae·
1301 1725 1319 1789 ἶ

175 1850 288 1929 claris
315 1843 582 1927 cumulabatur
637 1852 745 1948 Qrae
782 1866 825 1922 vt
858 1850 1117 1952 recognoscere
1149 1849 1202 1926 le·
1334 1876 1337 1885 ·

179 1972 321 2065 dores,
349 1972 387 2048 dc
413 1966 630 2072 cognoscere
653 1967 785 2071 posteri
812 1966 963 2071 possut,
987 1974 1104 2047 totius
1119 1970 1203 2049 Viri

179 2121 295 2209 atque
321 2094 422 2172 vitae
452 2096 529 2170 eius
552 2093 737 2195 quandam
767 2092 885 2179 veluti
915 2092 1114 2197 imaginem
1139 2096 1203 2173 ad·
1298 2152 1300 2157 >
1372 2167 1377 2185 ,

180 2219 354 2309 vmbrare
380 2216 608 2295 conabimur.

178 2429 181 2434 ,
278 2341 446 2428 ¹Patriam
469 2336 598 2435 habuit¹
612 2334 818 2413 Gedanum
841 2335 994 2429 vrbem,
1035 2358 1206 2440 parentes

179 2485 331 2557 autem,
360 2464 542 2552 Ioannem,
561 2458 661 2557 ,illius
688 2463 787 2541 vrbis
812 2461 932 2538 ciuem
946 2461 1139 2540 honestum
1152 2465 1207 2543 in·

185 2580 335 2692 primIs,
371 2583 698 2687 'Archipresbyteri
730 2579 848 2664 filium
884 2607 906 2660 e
936 2587 1065 2664 Marca
1097 2590 1211 2667 Noua
1260 2594 1263 2600 ’

184 2709 503 2827 Brandeburgica,
541 2709 641 2786 vnde
673 2732 764 2809 puer
799 2708 1023 2802 admodum,
1067 2706 1211 2814 fugiens

186 2820 283 2935 belli.
301 2817 505 2927 tricennalis
537 2828 786 2949 calamitates?
828 2829 1026 2910 Gedanum
1056 2830 1091 2935 se
1124 2861 1212 2921 coa

188 2954 349 3049 tulerat,
389 2976 545 3031 matrem
581 2946 716 3028 Cordul
698 2954 797 3044 lam,
843 2950 942 3033 Phili
911 2955 1002 3058 Inopi
1033 2929 1212 3051 Hurtmi,

187 3079 405 3159 mercatoris
430 3076 671 3165 Gedanenlis,
687 3077 726 3150 δι
750 3075 801 3153 ΕΙ
783 3070 966 3175 listrbethae
990 3073 1213 3157 Schumache
1269 3151 1271 3161 s
1302 3072 1305 3081 ’

193 3194 293 3293 riae,
326 3195 457 3277 filiam:
500 3199 677 3301 equibus
703 3224 736 3275 a.
767 3211 875 3293 1689.
901 3225 933 3285 ιι.Ι
960 3201 996 3277 d.
1025 3211 1086 3282 26.
1111 3202 1214 3282 Non
1247 3270 1252 3279 .

192 3347 304 3404 natus
328 3322 390 3402 eli.
441 3325 537 3399 Puer
562 3323 666 3406 initia
679 3322 868 3424 literarum
883 3324 1011 3401 didicit
1028 3327 1065 3421 in
1092 3323 1215 3409 schola
1290 3321 1301 3332 ”
1404 3370 1406 3379 ·

194 3450 335 3555 patriae
360 3448 546 3540 Mariana,
572 3449 625 3526 ita
650 3444 802 3525 studiose
826 3472 870 3525 ac
893 3445 1066 3543 feliciter,
1090 3472 1135 3529 vt
1150 3454 1234 3535 vix.

195 3573 327 3649 decem
354 3595 468 3648 annos
503 3593 611 3649 natus
636 3573 675 3647 in
698 3570 817 3674 primo
846 3567 989 3647 scholae
1013 3574 1140 3653 ordine
1163 3576 1220 3656 lo·

198 3720 285 3771 cum
312 3696 507 3774 obtineret.
575 3696 714 3773 Eodem
747 3682 915 3798 tempore
939 3696 1090 3791 orbatus
1115 3684 1220 3779 vtro·
1330 3780 1335 3789 ,

200 3843 275 3921 que
299 3843 469 3921 parente,
494 3820 598 3900 venit
623 3820 661 3895 in
686 3817 843 3909 tutelam
868 3819 1017 3943 cognati
1042 3823 1220 3914 materni,

199 3938 388 4023 reinboldi
410 3937 673 4035 Schamacheri,
707 3942 771 4044 qui
796 3938 937 4019 nihil
911 3966 985 4018 non
1017 3939 1094 4019 fieri
1117 3968 1222 4023 cura

202 4069 284 4161 vit,
311 4070 387 4173 qu'o
406 4064 597 4174 praeclara
620 4066 730 4175 pueri
750 4063 890 4163 indoleo
895 4065 1069 4177 prouehi
1093 4064 1222 4168 posset.

670 4190 823 4277 aaa
945 4212 949 4225 ·
1060 4190 1227 4354 ltaque
