<?xml version="1.0" encoding="UTF-8"?>
<!DOCTYPE html PUBLIC "-//W3C//DTD XHTML 1.0 Transitional//EN"
    "http://www.w3.org/TR/xhtml1/DTD/xhtml1-transitional.dtd">
<html xmlns="http://www.w3.org/1999/xhtml" xml:lang="en" lang="en">
 <head>
  <title>
</title>
<meta http-equiv="Content-Type" content="text/html;charset=utf-8" />
  <meta name='ocr-system' content='tesseract 3.04.00' />
  <meta name='ocr-capabilities' content='ocr_page ocr_carea ocr_par ocr_line ocrx_word'/>
</head>
<body>
  <div class='ocr_page' id='page_1' title='image "./henrguilclemmii00clemgoog_0364.png"; bbox 0 0 3059 5142; ppageno 0'>
   <div class='ocr_carea' id='block_1_1' title="bbox 329 532 1162 719">
    <p class='ocr_par' dir='ltr' id='par_1_1' title="bbox 329 532 1162 719">
     <span class='ocr_line' id='line_1_1' title="bbox 329 532 1162 719; baseline -0.007 -36"><span class='ocrx_word' id='word_1_1' title='bbox 329 609 412 719; x_wconf 76' lang='lat'>348</span> <span class='ocrx_word' id='word_1_2' title='bbox 627 532 832 708; x_wconf 68' lang='lat' dir='ltr'>Kaestrreri</span> <span class='ocrx_word' id='word_1_3' title='bbox 842 590 1038 711; x_wconf 62' lang='lat' dir='ltr'>Eiogium‘</span> <span class='ocrx_word' id='word_1_4' title='bbox 1159 671 1162 677; x_wconf 88' lang='lat'><em>.</em></span> 
     </span>
    </p>
   </div>
   <div class='ocr_carea' id='block_1_2' title="bbox 325 778 1347 1014">
    <p class='ocr_par' dir='ltr' id='par_1_2' title="bbox 325 778 1347 1014">
     <span class='ocr_line' id='line_1_2' title="bbox 325 778 1347 912; baseline 0.012 -45"><span class='ocrx_word' id='word_1_5' title='bbox 325 794 476 912; x_wconf 76' lang='lat' dir='ltr'>¹uidere,</span> <span class='ocrx_word' id='word_1_6' title='bbox 498 786 697 890; x_wconf 86' lang='lat' dir='ltr'>Mayerum</span> <span class='ocrx_word' id='word_1_7' title='bbox 722 788 891 881; x_wconf 88' lang='lat' dir='ltr'>Halieio,</span> <span class='ocrx_word' id='word_1_8' title='bbox 918 793 965 870; x_wconf 89' lang='lat' dir='ltr'>de</span> <span class='ocrx_word' id='word_1_9' title='bbox 990 778 1145 873; x_wconf 76' lang='lat' dir='ltr'>Veneris</span> <span class='ocrx_word' id='word_1_10' title='bbox 1172 792 1234 871; x_wconf 88' lang='lat' dir='ltr'>sub</span> <span class='ocrx_word' id='word_1_11' title='bbox 1258 799 1347 877; x_wconf 79' lang='lat' dir='ltr'>Sole</span> 
     </span>
     <span class='ocr_line' id='line_1_3' title="bbox 325 914 1145 1014; baseline -0.002 -18"><span class='ocrx_word' id='word_1_12' title='bbox 325 917 480 996; x_wconf 86' lang='lat' dir='ltr'>tranfitu</span> <span class='ocrx_word' id='word_1_13' title='bbox 503 931 744 1014; x_wconf 83' lang='lat' dir='ltr'>rometaeque</span> <span class='ocrx_word' id='word_1_14' title='bbox 769 914 901 989; x_wconf 70' lang='lat' dir='ltr'>reditu⁴</span> <span class='ocrx_word' id='word_1_15' title='bbox 914 914 1145 995; x_wconf 78' lang='lat' dir='ltr'>referentem.</span> 
     </span>
    </p>
   </div>
   <div class='ocr_carea' id='block_1_3' title="bbox 163 1046 1348 3365">
    <p class='ocr_par' dir='ltr' id='par_1_3' title="bbox 163 1046 1348 3365">
     <span class='ocr_line' id='line_1_4' title="bbox 381 1046 1341 1167; baseline 0.007 -27"><span class='ocrx_word' id='word_1_16' title='bbox 381 1146 384 1152; x_wconf 66' lang='grc'><em>,</em></span> <span class='ocrx_word' id='word_1_17' title='bbox 422 1064 553 1141; x_wconf 87' lang='lat' dir='ltr'>Vitam</span> <span class='ocrx_word' id='word_1_18' title='bbox 575 1059 670 1150; x_wconf 83' lang='lat' dir='ltr'>viri,</span> <span class='ocrx_word' id='word_1_19' title='bbox 696 1046 802 1138; x_wconf 84' lang='lat' dir='ltr'>vobis¹</span> <span class='ocrx_word' id='word_1_20' title='bbox 825 1061 1033 1167; x_wconf 85' lang='lat' dir='ltr'>praelegere</span> <span class='ocrx_word' id='word_1_21' title='bbox 1057 1066 1265 1160; x_wconf 82' lang='lat' dir='ltr'>auditores,</span> <span class='ocrx_word' id='word_1_22' title='bbox 1301 1070 1341 1148; x_wconf 91' lang='lat' dir='ltr'>in</span> 
     </span>
     <span class='ocr_line' id='line_1_5' title="bbox 322 1182 1341 1294; baseline -0.002 -25"><span class='ocrx_word' id='word_1_23' title='bbox 322 1192 446 1269; x_wconf 86' lang='lat' dir='ltr'>animo</span> <span class='ocrx_word' id='word_1_24' title='bbox 470 1186 575 1262; x_wconf 87' lang='lat' dir='ltr'>nobis</span> <span class='ocrx_word' id='word_1_25' title='bbox 598 1209 674 1260; x_wconf 92' lang='lat' dir='ltr'>non</span> <span class='ocrx_word' id='word_1_26' title='bbox 695 1182 789 1273; x_wconf 91' lang='lat' dir='ltr'>fuit,</span> <span class='ocrx_word' id='word_1_27' title='bbox 813 1183 875 1261; x_wconf 86' lang='lat' dir='ltr'>sed</span> <span class='ocrx_word' id='word_1_28' title='bbox 898 1186 1094 1290; x_wconf 81' lang='lat' dir='ltr'>imaginem</span> <span class='ocrx_word' id='word_1_29' title='bbox 1120 1191 1341 1294; x_wconf 84' lang='lat' dir='ltr'>depingere,</span> 
     </span>
     <span class='ocr_line' id='line_1_6' title="bbox 267 1304 1339 1417; baseline 0.001 -26"><span class='ocrx_word' id='word_1_30' title='bbox 267 1363 277 1379; x_wconf 84' lang='lat'><strong>·</strong></span> <span class='ocrx_word' id='word_1_31' title='bbox 321 1339 415 1417; x_wconf 85' lang='lat' dir='ltr'>qua,</span> <span class='ocrx_word' id='word_1_32' title='bbox 449 1329 494 1388; x_wconf 79' lang='lat' dir='ltr'>ut</span> <span class='ocrx_word' id='word_1_33' title='bbox 517 1304 782 1385; x_wconf 87' lang='lat' dir='ltr'>Themistocles</span> <span class='ocrx_word' id='word_1_34' title='bbox 810 1306 900 1384; x_wconf 88' lang='lat' dir='ltr'>olim</span> <span class='ocrx_word' id='word_1_35' title='bbox 925 1308 1106 1388; x_wconf 88' lang='lat' dir='ltr'>Militadis</span> <span class='ocrx_word' id='word_1_36' title='bbox 1129 1314 1339 1414; x_wconf 77' lang='lat' dir='ltr'>trophaeis,</span> 
     </span>
     <span class='ocr_line' id='line_1_7' title="bbox 318 1430 1338 1539; baseline 0.001 -26"><span class='ocrx_word' id='word_1_37' title='bbox 318 1432 459 1515; x_wconf 81' lang='lat' dir='ltr'>turbari</span> <span class='ocrx_word' id='word_1_38' title='bbox 491 1434 653 1535; x_wconf 90' lang='lat' dir='ltr'>quietem</span> <span class='ocrx_word' id='word_1_39' title='bbox 695 1431 795 1507; x_wconf 90' lang='lat' dir='ltr'>suam</span> <span class='ocrx_word' id='word_1_40' title='bbox 834 1430 963 1509; x_wconf 85' lang='lat' dir='ltr'>sentiat</span> <span class='ocrx_word' id='word_1_41' title='bbox 1001 1436 1145 1512; x_wconf 87' lang='lat' dir='ltr'>iuuenis</span> <span class='ocrx_word' id='word_1_42' title='bbox 1185 1438 1338 1539; x_wconf 85' lang='lat' dir='ltr'>quidam</span> 
     </span>
     <span class='ocr_line' id='line_1_8' title="bbox 318 1554 1348 1663; baseline -0.008 -26"><span class='ocrx_word' id='word_1_43' title='bbox 318 1560 486 1663; x_wconf 90' lang='lat' dir='ltr'>egregiae</span> <span class='ocrx_word' id='word_1_44' title='bbox 516 1555 667 1645; x_wconf 89' lang='lat' dir='ltr'>indolis,</span> <span class='ocrx_word' id='word_1_45' title='bbox 702 1554 975 1657; x_wconf 87' lang='lat' dir='ltr'>Mayerumque</span> <span class='ocrx_word' id='word_1_46' title='bbox 1008 1556 1203 1659; x_wconf 81' lang='lat' dir='ltr'>aliquando</span> <span class='ocrx_word' id='word_1_47' title='bbox 1226 1560 1348 1637; x_wconf 81' lang='lat' dir='ltr'>nobie.</span> 
     </span>
     <span class='ocr_line' id='line_1_9' title="bbox 313 1677 1347 1779; baseline 0.002 -20"><span class='ocrx_word' id='word_1_48' title='bbox 313 1684 457 1765; x_wconf 83' lang='lat' dir='ltr'>reddat.</span> <span class='ocrx_word' id='word_1_49' title='bbox 507 1678 626 1779; x_wconf 87' lang='lat' dir='ltr'>Igitur</span> <span class='ocrx_word' id='word_1_50' title='bbox 656 1702 732 1753; x_wconf 90' lang='lat' dir='ltr'>non</span> <span class='ocrx_word' id='word_1_51' title='bbox 762 1677 895 1779; x_wconf 89' lang='lat' dir='ltr'>longus</span> <span class='ocrx_word' id='word_1_52' title='bbox 935 1702 999 1756; x_wconf 87' lang='lat' dir='ltr'>ero</span> <span class='ocrx_word' id='word_1_53' title='bbox 1030 1683 1068 1757; x_wconf 92' lang='lat' dir='ltr'>in</span> <span class='ocrx_word' id='word_1_54' title='bbox 1107 1680 1347 1773; x_wconf 75' lang='lat' dir='ltr'>recensendis¹</span> 
     </span>
     <span class='ocr_line' id='line_1_10' title="bbox 252 1803 1333 1906; baseline -0.004 -21"><span class='ocrx_word' id='word_1_55' title='bbox 252 1822 259 1835; x_wconf 82' lang='lat'><strong><em>‘</em></strong></span> <span class='ocrx_word' id='word_1_56' title='bbox 313 1810 358 1885; x_wconf 87' lang='lat' dir='ltr'>iis</span> <span class='ocrx_word' id='word_1_57' title='bbox 365 1857 379 1897; x_wconf 89' lang='lat'><strong><em>,</em></strong></span> <span class='ocrx_word' id='word_1_58' title='bbox 418 1828 513 1906; x_wconf 89' lang='lat' dir='ltr'>quae</span> <span class='ocrx_word' id='word_1_59' title='bbox 545 1804 757 1877; x_wconf 88' lang='lat' dir='ltr'>communia</span> <span class='ocrx_word' id='word_1_60' title='bbox 785 1803 897 1877; x_wconf 87' lang='lat' dir='ltr'>habet</span> <span class='ocrx_word' id='word_1_61' title='bbox 922 1824 1008 1877; x_wconf 90' lang='lat' dir='ltr'>cum</span> <span class='ocrx_word' id='word_1_62' title='bbox 1039 1804 1228 1906; x_wconf 82' lang='lat' dir='ltr'>plurimis,</span> <span class='ocrx_word' id='word_1_63' title='bbox 1258 1825 1333 1898; x_wconf 87' lang='lat' dir='ltr'>vt,</span> 
     </span>
     <span class='ocr_line' id='line_1_11' title="bbox 311 1924 1333 2034; baseline -0.002 -27"><span class='ocrx_word' id='word_1_64' title='bbox 311 1930 414 2034; x_wconf 90' lang='lat' dir='ltr'>quod</span> <span class='ocrx_word' id='word_1_65' title='bbox 438 1954 485 2005; x_wconf 93' lang='lat' dir='ltr'>eo</span> <span class='ocrx_word' id='word_1_66' title='bbox 509 1944 674 2027; x_wconf 85' lang='lat' dir='ltr'>tempore</span> <span class='ocrx_word' id='word_1_67' title='bbox 697 1947 772 2027; x_wconf 91' lang='lat' dir='ltr'>quo</span> <span class='ocrx_word' id='word_1_68' title='bbox 797 1924 1018 2024; x_wconf 89' lang='lat' dir='ltr'>Gottingam</span> <span class='ocrx_word' id='word_1_69' title='bbox 1040 1928 1163 2017; x_wconf 85' lang='lat' dir='ltr'>venit,</span> <span class='ocrx_word' id='word_1_70' title='bbox 1202 1931 1333 2005; x_wconf 88' lang='lat' dir='ltr'>coniu-</span> 
     </span>
     <span class='ocr_line' id='line_1_12' title="bbox 163 2046 1330 2161; baseline 0.001 -31"><span class='ocrx_word' id='word_1_71' title='bbox 163 2064 167 2075; x_wconf 84' lang='lat'>&#39;</span> <span class='ocrx_word' id='word_1_72' title='bbox 240 2120 243 2127; x_wconf 93' lang='lat'>.</span> <span class='ocrx_word' id='word_1_73' title='bbox 305 2056 415 2161; x_wconf 27' lang='lat' dir='ltr'>&#39;gium</span> <span class='ocrx_word' id='word_1_74' title='bbox 439 2050 580 2138; x_wconf 84' lang='lat' dir='ltr'>inierit,</span> <span class='ocrx_word' id='word_1_75' title='bbox 605 2047 669 2123; x_wconf 81' lang='lat' dir='ltr'>etfi</span> <span class='ocrx_word' id='word_1_76' title='bbox 692 2047 732 2124; x_wconf 71' lang='grc' dir='ltr'>ἃ</span> <span class='ocrx_word' id='word_1_77' title='bbox 753 2048 815 2122; x_wconf 90' lang='lat' dir='ltr'>hic</span> <span class='ocrx_word' id='word_1_78' title='bbox 841 2046 1114 2151; x_wconf 83' lang='lat' dir='ltr'>contigeritipst</span> <span class='ocrx_word' id='word_1_79' title='bbox 1138 2051 1238 2151; x_wconf 92' lang='lat' dir='ltr'>quod</span> <span class='ocrx_word' id='word_1_80' title='bbox 1252 2076 1330 2130; x_wconf 90' lang='lat' dir='ltr'>non</span> 
     </span>
     <span class='ocr_line' id='line_1_13' title="bbox 309 2171 1329 2276; baseline -0.008 -19"><span class='ocrx_word' id='word_1_81' title='bbox 309 2176 483 2257; x_wconf 90' lang='lat' dir='ltr'>omnibus</span> <span class='ocrx_word' id='word_1_82' title='bbox 508 2172 710 2273; x_wconf 89' lang='lat' dir='ltr'>contingit,</span> <span class='ocrx_word' id='word_1_83' title='bbox 735 2181 831 2247; x_wconf 80' lang='lat' dir='ltr'>vxor</span> <span class='ocrx_word' id='word_1_84' title='bbox 856 2194 903 2246; x_wconf 86' lang='lat' dir='ltr'>ex</span> <span class='ocrx_word' id='word_1_85' title='bbox 917 2171 1029 2246; x_wconf 91' lang='lat' dir='ltr'>animi</span> <span class='ocrx_word' id='word_1_86' title='bbox 1043 2173 1240 2266; x_wconf 71' lang='lat' dir='ltr'>sententia,</span> <span class='ocrx_word' id='word_1_87' title='bbox 1254 2175 1329 2276; x_wconf 73' lang='lat' dir='ltr'>(f)</span> 
     </span>
     <span class='ocr_line' id='line_1_14' title="bbox 212 2292 1327 2399; baseline -0.005 -20"><span class='ocrx_word' id='word_1_88' title='bbox 212 2292 1327 2399; x_wconf 50' lang='lat' dir='ltr'>.mmmfflQmffifflfflwQ</span> 
     </span>
     <span class='ocr_line' id='line_1_15' title="bbox 305 2417 1328 2531; baseline -0.012 -30"><span class='ocrx_word' id='word_1_89' title='bbox 305 2426 409 2531; x_wconf 91' lang='lat' dir='ltr'>quod</span> <span class='ocrx_word' id='word_1_90' title='bbox 431 2421 502 2498; x_wconf 85' lang='lat' dir='ltr'>suis</span> <span class='ocrx_word' id='word_1_91' title='bbox 525 2420 701 2497; x_wconf 83' lang='lat' dir='ltr'>maritum</span> <span class='ocrx_word' id='word_1_92' title='bbox 723 2436 939 2518; x_wconf 77' lang='lat' dir='ltr'>patremque</span> <span class='ocrx_word' id='word_1_93' title='bbox 962 2421 1092 2519; x_wconf 83' lang='lat' dir='ltr'>rapuit</span> <span class='ocrx_word' id='word_1_94' title='bbox 1125 2417 1200 2525; x_wconf 90' lang='lat' dir='ltr'>(g)</span> <span class='ocrx_word' id='word_1_95' title='bbox 1248 2425 1328 2500; x_wconf 78' lang='lat' dir='ltr'>Ne.</span> 
     </span>
     <span class='ocr_line' id='line_1_16' title="bbox 174 2538 1325 2653; baseline -0.006 -26"><span class='ocrx_word' id='word_1_96' title='bbox 174 2628 181 2646; x_wconf 63' lang='grc'><strong><em>,</em></strong></span> <span class='ocrx_word' id='word_1_97' title='bbox 306 2540 379 2653; x_wconf 70' lang='lat' dir='ltr'>q‘ue</span> <span class='ocrx_word' id='word_1_98' title='bbox 403 2542 524 2624; x_wconf 82' lang='lat' dir='ltr'>letaiis</span> <span class='ocrx_word' id='word_1_99' title='bbox 548 2541 669 2616; x_wconf 90' lang='lat' dir='ltr'>morbi</span> <span class='ocrx_word' id='word_1_100' title='bbox 693 2538 879 2616; x_wconf 85' lang='lat' dir='ltr'>historiam</span> <span class='ocrx_word' id='word_1_101' title='bbox 906 2568 928 2617; x_wconf 88' lang='lat' dir='ltr'>a</span> <span class='ocrx_word' id='word_1_102' title='bbox 952 2566 1013 2619; x_wconf 90' lang='lat' dir='ltr'>me</span> <span class='ocrx_word' id='word_1_103' title='bbox 1038 2540 1242 2643; x_wconf 72' lang='lat' dir='ltr'>exspestute</span> <span class='ocrx_word' id='word_1_104' title='bbox 1257 2570 1325 2621; x_wconf 87' lang='lat' dir='ltr'>au-</span> 
     </span>
     <span class='ocr_line' id='line_1_17' title="bbox 303 2664 1324 2771; baseline 0.006 -31"><span class='ocrx_word' id='word_1_105' title='bbox 303 2678 462 2759; x_wconf 78' lang='lat' dir='ltr'>ditores,</span> <span class='ocrx_word' id='word_1_106' title='bbox 486 2690 595 2766; x_wconf 91' lang='lat' dir='ltr'>quem</span> <span class='ocrx_word' id='word_1_107' title='bbox 608 2664 823 2739; x_wconf 85' lang='lat' dir='ltr'>crediderim</span> <span class='ocrx_word' id='word_1_108' title='bbox 832 2713 851 2771; x_wconf 22' lang='grc' dir='ltr'>,Ι</span> <span class='ocrx_word' id='word_1_109' title='bbox 870 2664 955 2740; x_wconf 88' lang='lat' dir='ltr'>inde</span> <span class='ocrx_word' id='word_1_110' title='bbox 980 2664 1196 2767; x_wconf 78' lang='lat' dir='ltr'>elonga&amp;</span> <span class='ocrx_word' id='word_1_111' title='bbox 1220 2666 1324 2746; x_wconf 81' lang='lat' dir='ltr'>lenta</span> 
     </span>
     <span class='ocr_line' id='line_1_18' title="bbox 301 2785 1322 2891; baseline -0.02 -16"><span class='ocrx_word' id='word_1_112' title='bbox 301 2801 408 2884; x_wconf 90' lang='lat' dir='ltr'>tabe,</span> <span class='ocrx_word' id='word_1_113' title='bbox 432 2796 472 2869; x_wconf 90' lang='lat' dir='ltr'>in</span> <span class='ocrx_word' id='word_1_114' title='bbox 495 2787 598 2865; x_wconf 90' lang='lat' dir='ltr'>illam·</span> <span class='ocrx_word' id='word_1_115' title='bbox 619 2785 908 2887; x_wconf 86' lang='lat' dir='ltr'>magnitudinem</span> <span class='ocrx_word' id='word_1_116' title='bbox 931 2787 1149 2880; x_wconf 81' lang='lat' dir='ltr'>excreuiffe,</span> <span class='ocrx_word' id='word_1_117' title='bbox 1174 2810 1219 2869; x_wconf 89' lang='lat' dir='ltr'>vt</span> <span class='ocrx_word' id='word_1_118' title='bbox 1235 2815 1322 2891; x_wconf 89' lang='lat' dir='ltr'>pto.</span> 
     </span>
     <span class='ocr_line' id='line_1_19' title="bbox 299 2908 1320 3015; baseline -0.007 -17"><span class='ocrx_word' id='word_1_119' title='bbox 299 2922 428 3000; x_wconf 81' lang='lat' dir='ltr'>stratas</span> <span class='ocrx_word' id='word_1_120' title='bbox 453 2936 581 2992; x_wconf 88' lang='lat' dir='ltr'>omnes</span> <span class='ocrx_word' id='word_1_121' title='bbox 605 2911 702 2987; x_wconf 83' lang='lat' dir='ltr'>uires</span> <span class='ocrx_word' id='word_1_122' title='bbox 729 2908 881 2985; x_wconf 87' lang='lat' dir='ltr'>sentiens</span> <span class='ocrx_word' id='word_1_123' title='bbox 905 2933 1032 3010; x_wconf 90' lang='lat' dir='ltr'>aeger,</span> <span class='ocrx_word' id='word_1_124' title='bbox 1059 2910 1184 3015; x_wconf 73' lang='lat' dir='ltr'>insigni</span> <span class='ocrx_word' id='word_1_125' title='bbox 1206 2915 1320 2992; x_wconf 91' lang='lat' dir='ltr'>animi</span> 
     </span>
     <span class='ocr_line' id='line_1_20' title="bbox 299 3031 1318 3138; baseline -0.009 -16"><span class='ocrx_word' id='word_1_126' title='bbox 299 3040 500 3123; x_wconf 85' lang='lat' dir='ltr'>constantia</span> <span class='ocrx_word' id='word_1_127' title='bbox 535 3036 789 3112; x_wconf 88' lang='lat' dir='ltr'>imminentem</span> <span class='ocrx_word' id='word_1_128' title='bbox 830 3031 890 3108; x_wconf 84' lang='lat' dir='ltr'>fibi</span> <span class='ocrx_word' id='word_1_129' title='bbox 921 3052 1079 3108; x_wconf 87' lang='lat' dir='ltr'>mortem</span> <span class='ocrx_word' id='word_1_130' title='bbox 1119 3034 1318 3138; x_wconf 62' lang='lat' dir='ltr'>spedaret,</span> 
     </span>
     <span class='ocr_line' id='line_1_21' title="bbox 199 3156 1318 3269; baseline -0.014 -15"><span class='ocrx_word' id='word_1_131' title='bbox 199 3258 202 3269; x_wconf 69' lang='grc'><em>,</em></span> <span class='ocrx_word' id='word_1_132' title='bbox 297 3168 411 3257; x_wconf 84' lang='lat' dir='ltr'>etiam</span> <span class='ocrx_word' id='word_1_133' title='bbox 435 3186 523 3241; x_wconf 91' lang='lat' dir='ltr'>cum</span> <span class='ocrx_word' id='word_1_134' title='bbox 546 3158 672 3248; x_wconf 87' lang='lat' dir='ltr'>nobis,</span> <span class='ocrx_word' id='word_1_135' title='bbox 698 3156 775 3259; x_wconf 88' lang='lat' dir='ltr'>spes</span> <span class='ocrx_word' id='word_1_136' title='bbox 800 3172 877 3237; x_wconf 82' lang='lat' dir='ltr'>non</span> <span class='ocrx_word' id='word_1_137' title='bbox 889 3158 1021 3257; x_wconf 86' lang='lat' dir='ltr'>exigua</span> <span class='ocrx_word' id='word_1_138' title='bbox 1035 3156 1239 3260; x_wconf 75' lang='lat' dir='ltr'>superesset.</span> <span class='ocrx_word' id='word_1_139' title='bbox 1254 3158 1318 3257; x_wconf 81' lang='lat' dir='ltr'>(b)</span> 
     </span>
     <span class='ocr_line' id='line_1_22' title="bbox 505 3286 1318 3365; baseline 0.001 -1"><span class='ocrx_word' id='word_1_140' title='bbox 505 3326 511 3334; x_wconf 90' lang='lat'>·</span> <span class='ocrx_word' id='word_1_141' title='bbox 1255 3286 1318 3365; x_wconf 86' lang='lat' dir='ltr'>De</span> 
     </span>
    </p>
   </div>
   <div class='ocr_carea' id='block_1_4' title="bbox 282 3454 1312 4325">
    <p class='ocr_par' dir='ltr' id='par_1_4' title="bbox 336 3454 1312 3643">
     <span class='ocr_line' id='line_1_23' title="bbox 336 3454 1312 3552; baseline -0.006 -24"><span class='ocrx_word' id='word_1_142' title='bbox 336 3468 390 3552; x_wconf 72' lang='lat' dir='ltr'>(s)</span> <span class='ocrx_word' id='word_1_143' title='bbox 410 3465 509 3529; x_wconf 75' lang='lat' dir='ltr'>Maria</span> <span class='ocrx_word' id='word_1_144' title='bbox 527 3461 658 3523; x_wconf 65' lang='lat' dir='ltr'>maaria,</span> <span class='ocrx_word' id='word_1_145' title='bbox 682 3458 804 3536; x_wconf 74' lang='lat' dir='ltr'>Gniigii,</span> <span class='ocrx_word' id='word_1_146' title='bbox 838 3455 929 3524; x_wconf 87' lang='lat' dir='ltr'>verbi</span> <span class='ocrx_word' id='word_1_147' title='bbox 941 3454 1036 3516; x_wconf 91' lang='lat' dir='ltr'>diuini</span> <span class='ocrx_word' id='word_1_148' title='bbox 1060 3456 1212 3538; x_wconf 80' lang='lat' dir='ltr'>quondam</span> <span class='ocrx_word' id='word_1_149' title='bbox 1229 3460 1312 3540; x_wconf 78' lang='lat' dir='ltr'>opud</span> 
     </span>
     <span class='ocr_line' id='line_1_24' title="bbox 372 3558 1310 3643; baseline -0.014 -11"><span class='ocrx_word' id='word_1_150' title='bbox 372 3562 659 3632; x_wconf 86' lang='lat' dir='ltr'>Bisthofsheimenser</span> <span class='ocrx_word' id='word_1_151' title='bbox 673 3559 923 3643; x_wconf 84' lang='lat' dir='ltr'>inCreichgouia,</span> <span class='ocrx_word' id='word_1_152' title='bbox 939 3558 1073 3637; x_wconf 73' lang='lat' dir='ltr'>primarii</span> <span class='ocrx_word' id='word_1_153' title='bbox 1082 3560 1223 3630; x_wconf 86' lang='lat' dir='ltr'>ministri,</span> <span class='ocrx_word' id='word_1_154' title='bbox 1239 3562 1310 3625; x_wconf 74' lang='lat' dir='ltr'>filiu.</span> 
     </span>
    </p>

    <p class='ocr_par' dir='ltr' id='par_1_5' title="bbox 332 3660 1309 3839">
     <span class='ocr_line' id='line_1_25' title="bbox 332 3660 1309 3757; baseline -0.007 -23"><span class='ocrx_word' id='word_1_155' title='bbox 332 3673 391 3757; x_wconf 70' lang='lat' dir='ltr'>(g)</span> <span class='ocrx_word' id='word_1_156' title='bbox 406 3670 486 3734; x_wconf 80' lang='lat' dir='ltr'>Filiis</span> <span class='ocrx_word' id='word_1_157' title='bbox 502 3667 643 3734; x_wconf 84' lang='lat' dir='ltr'>duobus,</span> <span class='ocrx_word' id='word_1_158' title='bbox 667 3660 848 3741; x_wconf 85' lang='lat' dir='ltr'>totidemque</span> <span class='ocrx_word' id='word_1_159' title='bbox 865 3661 1008 3732; x_wconf 75' lang='lat' dir='ltr'>filiabus,</span> <span class='ocrx_word' id='word_1_160' title='bbox 1048 3660 1107 3724; x_wconf 81' lang='lat' dir='ltr'>illis</span> <span class='ocrx_word' id='word_1_161' title='bbox 1122 3663 1309 3738; x_wconf 74' lang='lat' dir='ltr'>iunioribus,</span> 
     </span>
     <span class='ocr_line' id='line_1_26' title="bbox 369 3767 912 3839; baseline -0.022 -2"><span class='ocrx_word' id='word_1_162' title='bbox 369 3774 443 3839; x_wconf 86' lang='lat' dir='ltr'>Filio</span> <span class='ocrx_word' id='word_1_163' title='bbox 460 3787 531 3833; x_wconf 85' lang='lat' dir='ltr'>natu</span> <span class='ocrx_word' id='word_1_164' title='bbox 552 3767 682 3830; x_wconf 85' lang='lat' dir='ltr'>maximo</span> <span class='ocrx_word' id='word_1_165' title='bbox 699 3781 847 3825; x_wconf 85' lang='lat' dir='ltr'>annorum</span> <span class='ocrx_word' id='word_1_166' title='bbox 864 3779 912 3827; x_wconf 85' lang='lat'>10.</span> 
     </span>
    </p>

    <p class='ocr_par' dir='ltr' id='par_1_6' title="bbox 329 3866 1307 3961">
     <span class='ocr_line' id='line_1_27' title="bbox 329 3866 1307 3961; baseline -0.006 -23"><span class='ocrx_word' id='word_1_167' title='bbox 329 3879 378 3961; x_wconf 82' lang='lat' dir='ltr'>(h)</span> <span class='ocrx_word' id='word_1_168' title='bbox 404 3873 592 3956; x_wconf 83' lang='lat' dir='ltr'>Epitaphium</span> <span class='ocrx_word' id='word_1_169' title='bbox 629 3866 710 3949; x_wconf 89' lang='lat' dir='ltr'>quod</span> <span class='ocrx_word' id='word_1_170' title='bbox 745 3866 808 3929; x_wconf 81' lang='lat' dir='ltr'>cet.</span> <span class='ocrx_word' id='word_1_171' title='bbox 843 3878 1098 3935; x_wconf 68' lang='lat' dir='ltr'>xls&#39;nmvs</span> <span class='ocrx_word' id='word_1_172' title='bbox 1140 3888 1179 3935; x_wconf 83' lang='lat' dir='ltr'>ex</span> <span class='ocrx_word' id='word_1_173' title='bbox 1192 3876 1307 3940; x_wconf 67' lang='lat' dir='ltr'>Boario</span> 
     </span>
    </p>

    <p class='ocr_par' dir='ltr' id='par_1_7' title="bbox 282 3972 1302 4325">
     <span class='ocr_line' id='line_1_28' title="bbox 282 3972 682 4061; baseline -0.033 -17"><span class='ocrx_word' id='word_1_174' title='bbox 282 3996 286 4009; x_wconf 84' lang='lat'><em>¹</em></span> <span class='ocrx_word' id='word_1_175' title='bbox 367 3980 510 4061; x_wconf 82' lang='lat' dir='ltr'>applicet,</span> <span class='ocrx_word' id='word_1_176' title='bbox 525 3972 682 4037; x_wconf 83' lang='lat' dir='ltr'>itahubet:</span> 
     </span>
     <span class='ocr_line' id='line_1_29' title="bbox 364 4069 1125 4153; baseline -0.022 -7"><span class='ocrx_word' id='word_1_177' title='bbox 364 4086 412 4146; x_wconf 88' lang='lat' dir='ltr'>Te</span> <span class='ocrx_word' id='word_1_178' title='bbox 431 4081 518 4145; x_wconf 76' lang='lat' dir='ltr'>maris</span> <span class='ocrx_word' id='word_1_179' title='bbox 537 4077 570 4142; x_wconf 73' lang='lat' dir='ltr'>dt</span> <span class='ocrx_word' id='word_1_180' title='bbox 588 4090 681 4135; x_wconf 87' lang='lat' dir='ltr'>terrae</span> <span class='ocrx_word' id='word_1_181' title='bbox 694 4069 726 4134; x_wconf 77' lang='lat' dir='ltr'>dt</span> <span class='ocrx_word' id='word_1_182' title='bbox 742 4072 845 4153; x_wconf 87' lang='lat' dir='ltr'>magni</span> <span class='ocrx_word' id='word_1_183' title='bbox 862 4069 922 4137; x_wconf 82' lang='lat' dir='ltr'>fine</span> <span class='ocrx_word' id='word_1_184' title='bbox 936 4072 1031 4140; x_wconf 69' lang='lat' dir='ltr'>limae</span> <span class='ocrx_word' id='word_1_185' title='bbox 1048 4073 1125 4139; x_wconf 79' lang='lat' dir='ltr'>eutii</span> 
     </span>
     <span class='ocr_line' id='line_1_30' title="bbox 361 4171 1249 4324; baseline -0.018 -74"><span class='ocrx_word' id='word_1_186' title='bbox 361 4187 531 4250; x_wconf 84' lang='lat' dir='ltr'>Mensorem</span> <span class='ocrx_word' id='word_1_187' title='bbox 557 4171 694 4250; x_wconf 77' lang='lat' dir='ltr'>eoinb&#39;rut</span> <span class='ocrx_word' id='word_1_188' title='bbox 718 4174 843 4256; x_wconf 78' lang='lat' dir='ltr'>Mayete</span> <span class='ocrx_word' id='word_1_189' title='bbox 1191 4256 1249 4324; x_wconf 53' lang='lat' dir='ltr'>Pul</span> 
     </span>
     <span class='ocr_line' id='line_1_31' title="bbox 1251 4279 1302 4325; baseline 0.059 -3"><span class='ocrx_word' id='word_1_190' title='bbox 1251 4279 1302 4325; x_wconf 84' lang='lat' dir='ltr'>ut·</span> 
     </span>
    </p>
   </div>
   <div class='ocr_carea' id='block_1_5' title="bbox 199 4456 386 4560">
    <p class='ocr_par' dir='ltr' id='par_1_8' title="bbox 199 4456 386 4560">
     <span class='ocr_line' id='line_1_32' title="bbox 199 4456 386 4560; baseline -0.005 -26"><span class='ocrx_word' id='word_1_191' title='bbox 199 4456 360 4560; x_wconf 59' lang='grc' dir='ltr'>Α</span> <span class='ocrx_word' id='word_1_192' title='bbox 380 4518 386 4533; x_wconf 91' lang='grc'><strong><em>,</em></strong></span> 
     </span>
    </p>
   </div>
   <div class='ocr_carea' id='block_1_6' title="bbox 0 0 1534 5142">
    <p class='ocr_par' dir='ltr' id='par_1_9' title="bbox 0 0 1534 5142">
     <span class='ocr_line' id='line_1_33' title="bbox 0 0 1534 5142; baseline 0 17"><span class='ocrx_word' id='word_1_193' title='bbox 0 0 1534 5142; x_wconf 95' lang='lat' dir='ltr'> </span> 
     </span>
    </p>
   </div>
  </div>
 </body>
</html>
