3059 5142
550 576 721 699 Mum
734 572 952 709 sartura·
1141 523 1244 701 Ι349

226 812 248 841 -·
322 779 394 858 De.
404 798 466 855 me
489 794 591 856 certe
605 775 754 871 ¹fateor,
782 778 879 881 spem
898 781 978 857 elus
1003 779 1103 882 qued
1125 782 1238 861 vehe-
1267 890 1270 897 V

220 922 368 983 menter
391 904 586 1007 optabam,
625 900 823 982 difficulter
846 927 906 980 me
931 904 1022 1007 eripi
1041 906 1132 981 mihi
1156 930 1238 1009 pas·

221 1028 313 1105 sum.
363 1029 576 1105 Amicitiam
589 1049 720 1105 *meam
745 1029 783 1103 in
808 1028 932 1130 precio
955 1024 1008 1103 illi
1033 1026 1155 1119 inille,
1182 1031 1236 1104 in·

218 1150 309 1257 igni
330 1152 422 1228 milri
446 1152 578 1230 honori
602 1150 742 1252 semper
764 1152 920 1243 ducam,
951 1176 1072 1253 eoque
1095 1154 1235 1255 magis,

218 1276 323 1376 quod
346 1276 445 1351 inter
465 1272 634 1353 doiiores
657 1275 822 1352 eiusdem
845 1276 1076 1366 academiae,
1102 1274 1235 1351 studio-

217 1422 304 1476 rum
335 1398 660 1490 communitatem,
699 1400 883 1477 amicitiae
919 1398 1070 1477 vincula
1101 1395 1235 1475 atilius
1366 1402 1368 1409 '

216 1523 458 1611 contrahere,
482 1523 599 1597 rarius
624 1520 697 1613 est,
721 1545 832 1624 quam
847 1522 918 1601 esse
942 1525 1112 1612 deberet,
1135 1520 1236 1599 labo·

216 1666 376 1746 rantque
399 1645 535 1723 eruditi
558 1644 699 1747 saepius
721 1644 919 1749 figulorum
943 1647 1098 1736 morbo,
1122 1647 1234 1721 etiam

215 1767 283 1844 vbi
306 1768 478 1847 aduersus
503 1787 833 1877 tormentum-quo
856 1770 955 1848 ficuli
979 1769 1126 1873 tyranni
1157 1793 1236 1845 ma·

215 1892 276 1968 ius
301 1916 377 1967 non
399 1894 596 1984 inuenere,
620 1894 804 1971 tueri'eos
827 1912 975 1996 poterat
996 1899 1238 1972 Macenatum

213 2017 254 2091 in
278 2018 465 2093 uniuersos
489 2015 750 2093 munificentia.
798 2019 875 2120 Ego
900 2041 1012 2109 vero,
1050 2019 1117 2095 vix
1142 2040 1236 2118 quo·

211 2139 313 2240 piam
337 2140 503 2231 intimius
521 2142 628 2229 vius,
673 2140 737 2213 nist
760 2140 824 2239 qui
844 2140 990 2241 ingenio
1013 2141 1234 2240 scientiaque
1304 2202 1327 2240 M.
1353 2112 1359 2137 ⁸

212 2261 438 2350 excelleret,
455 2262 649 2363 voluptate
663 2262 711 2339 ad
724 2261 904 2364 lacrymas
920 2288 1056 2367 prona,
1083 2256 1232 2347 illorum
1293 2316 1295 2323 ι

211 2385 292 2463 fere
316 2380 484 2462 omnium
505 2403 652 2461 tantum
676 2388 872 2478 recordor,
898 2386 1126 2488 &aquibus
1150 2385 1231 2487 plu·

212 2511 307 2585 rima
332 2508 456 2585 doceri
481 2507 615 2583 debere
630 2532 757 2610 rgenus
781 2511 986 2591 humanum
1010 2511 1230 2601 arbitrabar,

211 2654 276 2708 eos
303 2632 453 2708 coelites
472 2628 640 2730 suspicio.
1347 2622 1350 2629 ’

310 2756 459 2855 Mayeri
490 2755 687 2848 iaeturam,
728 2760 893 2859 inprimis
934 2757 1041 2834 doleo
1074 2758 1228 2836 Germa·

209 2879 294 2953 niae
314 2880 485 2970 nomine,
518 2881 617 2957 orbis
643 2883 857 2957 recentioris
883 2884 920 2957 in
946 2880 1110 2962 doctrina
1144 2903 1229 2959 coe·

206 3000 285 3078 lesti
310 3005 411 3078 omni
435 3002 637 3104 magistrae.
702 3005 790 3077 Non
812 3003 965 3102 longum
990 3004 1230 3080 Astronom'o·

206 3151 291 3201 rum
314 3127 588 3202 Germanorum
614 3124 740 3215 texam
771 3124 980 3226 catalogum
987 3149 1003 3217 3
1043 3129 1131 3200 Non
1163 3150 1228 3225 ap-

206 3246 351 3349 potabo
377 3248 535 3341 ourani,
558 3226 779 3344 rumenti,
800 3248 1105 3350 regromontanr,
1135 3251 1226 3350 npt-

206 3374 289 3467 ani,
312 3371 373 3450 illa
396 3369 771 3489 illustrioraomnibus
786 3354 922 3458 exteris
945 3374 1114 3463 uomina,
1129 3370 1223 3472 post·

219 3516 223 3523 ·
838 3508 840 3513 '
968 3570 972 3579 ,
1004 3478 1020 3549 '-
1113 3519 1225 3602 quam

283 3617 420 3681 Pulueris
439 3618 542 3702 exigui
555 3618 798 3701 prnpe'cltusum
819 3618 945 3701 pomula
964 3616 1109 3703 amplum

285 3718 418 3784 Munera
437 3741 492 3784 net
513 3720 679 3804 quidquam
705 3723 762 3787 ribi
787 3721 923 3801 prodest.-

281 3822 395 3885 Rexilie
412 3842 556 3887 errantem
574 3820 688 3919 'lunam
708 3820 890 3915 mouiffeque
908 3828 1026 3895 summo

289 3924 387 3987 Sidera
406 3925 464 3989 fixa
484 3927 554 4006 polo
574 3922 739 3998 moriiuro,
842 3934 845 3941 '

281 4027 372 4116 Qud
390 4044 478 4091 nauta
494 4030 671 4101 Horatianus
689 4029 835 4105 cineribus
850 4026 984 4110 archytae
1006 4028 1113 4092 fecerit
1137 4027 1219 4091 idem

412 4129 528 4218 Mayeri
543 4130 815 4199 momoriaefaciena
824 4133 909 4198 scrib.
918 4134 955 4193 A.
965 4130 1047 4196 G.K.

672 4236 753 4337 z,
