<?xml version="1.0" encoding="UTF-8"?>
<!DOCTYPE html PUBLIC "-//W3C//DTD XHTML 1.0 Transitional//EN"
    "http://www.w3.org/TR/xhtml1/DTD/xhtml1-transitional.dtd">
<html xmlns="http://www.w3.org/1999/xhtml" xml:lang="en" lang="en">
 <head>
  <title>
</title>
<meta http-equiv="Content-Type" content="text/html;charset=utf-8" />
  <meta name='ocr-system' content='tesseract 3.04.00' />
  <meta name='ocr-capabilities' content='ocr_page ocr_carea ocr_par ocr_line ocrx_word'/>
</head>
<body>
  <div class='ocr_page' id='page_1' title='image "./henrguilclemmii00clemgoog_0422.png"; bbox 0 0 3059 5142; ppageno 0'>
   <div class='ocr_carea' id='block_1_1' title="bbox 344 544 1229 671">
    <p class='ocr_par' dir='ltr' id='par_1_1' title="bbox 344 544 1229 671">
     <span class='ocr_line' id='line_1_1' title="bbox 344 544 1229 671; baseline 0 -30"><span class='ocrx_word' id='word_1_1' title='bbox 344 556 433 671; x_wconf 82' lang='lat'><strong>406</strong></span> <span class='ocrx_word' id='word_1_2' title='bbox 521 544 723 663; x_wconf 79' lang='lat' dir='ltr'><strong>Schlegelii</strong></span> <span class='ocrx_word' id='word_1_3' title='bbox 739 546 960 635; x_wconf 69' lang='lat' dir='ltr'><strong>Commune.</strong></span> <span class='ocrx_word' id='word_1_4' title='bbox 981 547 1229 667; x_wconf 78' lang='lat' dir='ltr'><strong>Antiquaria</strong></span> 
     </span>
    </p>
   </div>
   <div class='ocr_carea' id='block_1_2' title="bbox 201 722 1369 847">
    <p class='ocr_par' dir='ltr' id='par_1_2' title="bbox 201 722 1369 847">
     <span class='ocr_line' id='line_1_2' title="bbox 201 722 1369 847; baseline -0.003 -23"><span class='ocrx_word' id='word_1_5' title='bbox 201 760 205 767; x_wconf 87' lang='lat'>&#39;</span> <span class='ocrx_word' id='word_1_6' title='bbox 341 744 527 844; x_wconf 61' lang='lat' dir='ltr'><strong>firmam</strong></span> <span class='ocrx_word' id='word_1_7' title='bbox 549 740 764 847; x_wconf 82' lang='lat' dir='ltr'><strong>Respicicnti</strong></span> <span class='ocrx_word' id='word_1_8' title='bbox 786 766 887 819; x_wconf 85' lang='lat' dir='ltr'><strong>aram</strong></span> <span class='ocrx_word' id='word_1_9' title='bbox 908 741 1049 844; x_wconf 87' lang='lat' dir='ltr'>posuit,</span> <span class='ocrx_word' id='word_1_10' title='bbox 1085 722 1193 823; x_wconf 83' lang='lat' dir='ltr'><strong>nimis</strong></span> <span class='ocrx_word' id='word_1_11' title='bbox 1216 773 1238 823; x_wconf 88' lang='lat' dir='ltr'><strong>a</strong></span> <span class='ocrx_word' id='word_1_12' title='bbox 1258 745 1369 822; x_wconf 88' lang='lat' dir='ltr'><strong>Drusi</strong></span> 
     </span>
    </p>
   </div>
   <div class='ocr_carea' id='block_1_3' title="bbox 237 864 1370 1337">
    <p class='ocr_par' dir='ltr' id='par_1_3' title="bbox 237 864 1370 1337">
     <span class='ocr_line' id='line_1_3' title="bbox 237 864 1370 970; baseline -0.002 -22"><span class='ocrx_word' id='word_1_13' title='bbox 237 909 242 917; x_wconf 53' lang='lat'><em>⁶</em></span> <span class='ocrx_word' id='word_1_14' title='bbox 346 872 571 970; x_wconf 82' lang='lat' dir='ltr'>temporibus</span> <span class='ocrx_word' id='word_1_15' title='bbox 587 888 751 942; x_wconf 88' lang='lat' dir='ltr'><strong>remotus</strong></span> <span class='ocrx_word' id='word_1_16' title='bbox 766 864 840 954; x_wconf 87' lang='lat' dir='ltr'><strong>est,</strong></span> <span class='ocrx_word' id='word_1_17' title='bbox 867 891 978 966; x_wconf 88' lang='lat' dir='ltr'><strong>quam</strong></span> <span class='ocrx_word' id='word_1_18' title='bbox 999 871 1138 946; x_wconf 87' lang='lat' dir='ltr'><strong>vtveri</strong></span> <span class='ocrx_word' id='word_1_19' title='bbox 1163 868 1205 945; x_wconf 85' lang='lat' dir='ltr'><strong>sit</strong></span> <span class='ocrx_word' id='word_1_20' title='bbox 1233 868 1370 959; x_wconf 75' lang='lat' dir='ltr'><strong>imile,</strong></span> 
     </span>
     <span class='ocr_line' id='line_1_4' title="bbox 346 970 1369 1103; baseline -0.002 -34"><span class='ocrx_word' id='word_1_21' title='bbox 346 992 450 1069; x_wconf 91' lang='lat' dir='ltr'><strong>illum</strong></span> <span class='ocrx_word' id='word_1_22' title='bbox 470 970 711 1080; x_wconf 84' lang='lat' dir='ltr'><strong>numismata,</strong></span> <span class='ocrx_word' id='word_1_23' title='bbox 742 986 847 1063; x_wconf 82' lang='lat' dir='ltr'><strong>Drufi</strong></span> <span class='ocrx_word' id='word_1_24' title='bbox 863 1010 976 1088; x_wconf 90' lang='lat' dir='ltr'><strong>caput</strong></span> <span class='ocrx_word' id='word_1_25' title='bbox 990 991 1204 1103; x_wconf 69' lang='lat' dir='ltr'><strong>referentia,</strong></span> <span class='ocrx_word' id='word_1_26' title='bbox 1231 993 1271 1067; x_wconf 91' lang='lat' dir='ltr'><strong>in</strong></span> <span class='ocrx_word' id='word_1_27' title='bbox 1288 1014 1369 1067; x_wconf 90' lang='lat' dir='ltr'><strong>mo-</strong></span> 
     </span>
     <span class='ocr_line' id='line_1_5' title="bbox 347 1111 1370 1213; baseline -0.004 -22"><span class='ocrx_word' id='word_1_28' title='bbox 347 1115 531 1191; x_wconf 85' lang='lat' dir='ltr'><strong>numentis</strong></span> <span class='ocrx_word' id='word_1_29' title='bbox 567 1113 763 1189; x_wconf 86' lang='lat' dir='ltr'><strong>statuendis</strong></span> <span class='ocrx_word' id='word_1_30' title='bbox 797 1111 1000 1191; x_wconf 69' lang='lat' dir='ltr'><strong>collocasse.</strong></span> <span class='ocrx_word' id='word_1_31' title='bbox 1037 1117 1229 1207; x_wconf 86' lang='lat' dir='ltr'><strong>¹Accedit,</strong></span> <span class='ocrx_word' id='word_1_32' title='bbox 1267 1115 1370 1213; x_wconf 93' lang='lat' dir='ltr'><strong>quod</strong></span> 
     </span>
     <span class='ocr_line' id='line_1_6' title="bbox 348 1234 1370 1337; baseline -0.006 -20"><span class='ocrx_word' id='word_1_33' title='bbox 348 1261 477 1317; x_wconf 86' lang='lat' dir='ltr'><strong>omnes</strong></span> <span class='ocrx_word' id='word_1_34' title='bbox 515 1237 647 1326; x_wconf 84' lang='lat' dir='ltr'><strong>numi,</strong></span> <span class='ocrx_word' id='word_1_35' title='bbox 697 1238 797 1337; x_wconf 90' lang='lat' dir='ltr'><strong>apud</strong></span> <span class='ocrx_word' id='word_1_36' title='bbox 831 1262 899 1315; x_wconf 91' lang='lat' dir='ltr'><strong>nos</strong></span> <span class='ocrx_word' id='word_1_37' title='bbox 938 1263 960 1312; x_wconf 85' lang='lat' dir='ltr'><strong>a</strong></span> <span class='ocrx_word' id='word_1_38' title='bbox 1008 1240 1183 1315; x_wconf 86' lang='lat' dir='ltr'><strong>Romanis</strong></span> <span class='ocrx_word' id='word_1_39' title='bbox 1230 1234 1370 1325; x_wconf 58' lang='lat' dir='ltr'><strong>relidi,</strong></span> 
     </span>
    </p>
   </div>
   <div class='ocr_carea' id='block_1_4' title="bbox 222 1360 1369 1464">
    <p class='ocr_par' dir='ltr' id='par_1_4' title="bbox 222 1360 1369 1464">
     <span class='ocr_line' id='line_1_7' title="bbox 222 1360 1369 1464; baseline 0.001 -28"><span class='ocrx_word' id='word_1_40' title='bbox 222 1374 226 1379; x_wconf 85' lang='lat'>&#39;</span> <span class='ocrx_word' id='word_1_41' title='bbox 348 1381 529 1464; x_wconf 88' lang='lat' dir='ltr'><strong>quantum</strong></span> <span class='ocrx_word' id='word_1_42' title='bbox 567 1361 659 1434; x_wconf 90' lang='lat' dir='ltr'><strong>mihi</strong></span> <span class='ocrx_word' id='word_1_43' title='bbox 695 1361 822 1461; x_wconf 82' lang='lat' dir='ltr'><strong>videre</strong></span> <span class='ocrx_word' id='word_1_44' title='bbox 864 1360 998 1451; x_wconf 87' lang='lat' dir='ltr'><strong>licuit,</strong></span> <span class='ocrx_word' id='word_1_45' title='bbox 1040 1360 1140 1438; x_wconf 84' lang='lat' dir='ltr'><strong>vltra</strong></span> <span class='ocrx_word' id='word_1_46' title='bbox 1171 1362 1369 1439; x_wconf 86' lang='lat' dir='ltr'><strong>secuudum</strong></span> 
     </span>
    </p>
   </div>
   <div class='ocr_carea' id='block_1_5' title="bbox 348 1478 1374 2073">
    <p class='ocr_par' dir='ltr' id='par_1_5' title="bbox 348 1478 1374 2073">
     <span class='ocr_line' id='line_1_8' title="bbox 348 1478 1371 1589; baseline 0.001 -29"><span class='ocrx_word' id='word_1_47' title='bbox 348 1483 429 1589; x_wconf 88' lang='lat' dir='ltr'><strong>post</strong></span> <span class='ocrx_word' id='word_1_48' title='bbox 458 1484 505 1561; x_wconf 93' lang='lat' dir='ltr'><strong>C.</strong></span> <span class='ocrx_word' id='word_1_49' title='bbox 535 1483 583 1558; x_wconf 91' lang='lat' dir='ltr'><strong>N.</strong></span> <span class='ocrx_word' id='word_1_50' title='bbox 615 1478 799 1558; x_wconf 81' lang='lat' dir='ltr'><strong>saeculum</strong></span> <span class='ocrx_word' id='word_1_51' title='bbox 844 1508 919 1560; x_wconf 90' lang='lat' dir='ltr'><strong>non</strong></span> <span class='ocrx_word' id='word_1_52' title='bbox 969 1482 1175 1560; x_wconf 81' lang='lat' dir='ltr'><strong>ascendant.</strong></span> <span class='ocrx_word' id='word_1_53' title='bbox 1253 1487 1371 1563; x_wconf 80' lang='lat' dir='ltr'><strong>Litte-</strong></span> 
     </span>
     <span class='ocr_line' id='line_1_9' title="bbox 349 1603 1372 1716; baseline 0.001 -30"><span class='ocrx_word' id='word_1_54' title='bbox 349 1632 412 1686; x_wconf 87' lang='lat' dir='ltr'><strong>rae</strong></span> <span class='ocrx_word' id='word_1_55' title='bbox 447 1603 631 1681; x_wconf 86' lang='lat' dir='ltr'><strong>VSLLM.</strong></span> <span class='ocrx_word' id='word_1_56' title='bbox 670 1607 708 1679; x_wconf 92' lang='lat' dir='ltr'><strong>in</strong></span> <span class='ocrx_word' id='word_1_57' title='bbox 748 1627 990 1683; x_wconf 91' lang='lat' dir='ltr'><strong>monumento</strong></span> <span class='ocrx_word' id='word_1_58' title='bbox 1037 1606 1254 1716; x_wconf 82' lang='lat' dir='ltr'><strong>conspicuae</strong></span> <span class='ocrx_word' id='word_1_59' title='bbox 1308 1632 1372 1687; x_wconf 81' lang='lat' dir='ltr'><strong>ne·</strong></span> 
     </span>
     <span class='ocr_line' id='line_1_10' title="bbox 351 1725 1374 1831; baseline 0.004 -25"><span class='ocrx_word' id='word_1_60' title='bbox 351 1733 488 1821; x_wconf 82' lang='lat' dir='ltr'><strong>minem</strong></span> <span class='ocrx_word' id='word_1_61' title='bbox 528 1725 635 1803; x_wconf 88' lang='lat' dir='ltr'><strong>facile</strong></span> <span class='ocrx_word' id='word_1_62' title='bbox 672 1731 848 1806; x_wconf 88' lang='lat' dir='ltr'><strong>remorari</strong></span> <span class='ocrx_word' id='word_1_63' title='bbox 889 1728 1062 1831; x_wconf 86' lang='lat' dir='ltr'><strong>possunt,</strong></span> <span class='ocrx_word' id='word_1_64' title='bbox 1112 1732 1244 1807; x_wconf 88' lang='lat' dir='ltr'><strong>harum</strong></span> <span class='ocrx_word' id='word_1_65' title='bbox 1284 1731 1374 1809; x_wconf 89' lang='lat' dir='ltr'><strong>deli·</strong></span> 
     </span>
     <span class='ocr_line' id='line_1_11' title="bbox 353 1828 1374 1943; baseline 0.001 -12"><span class='ocrx_word' id='word_1_66' title='bbox 353 1828 493 1933; x_wconf 83' lang='lat' dir='ltr'><strong>ciarum</strong></span> <span class='ocrx_word' id='word_1_67' title='bbox 526 1848 731 1928; x_wconf 88' lang='lat' dir='ltr'><strong>studiosum.</strong></span> <span class='ocrx_word' id='word_1_68' title='bbox 806 1853 913 1929; x_wconf 88' lang='lat' dir='ltr'><strong>Patet</strong></span> <span class='ocrx_word' id='word_1_69' title='bbox 934 1853 1053 1943; x_wconf 84' lang='lat' dir='ltr'><strong>enim,</strong></span> <span class='ocrx_word' id='word_1_70' title='bbox 1080 1877 1141 1928; x_wconf 87' lang='lat' dir='ltr'><strong>eas</strong></span> <span class='ocrx_word' id='word_1_71' title='bbox 1166 1855 1237 1928; x_wconf 85' lang='lat' dir='ltr'><strong>hac</strong></span> <span class='ocrx_word' id='word_1_72' title='bbox 1258 1857 1374 1932; x_wconf 87' lang='lat' dir='ltr'><strong>ratio·</strong></span> 
     </span>
     <span class='ocr_line' id='line_1_12' title="bbox 352 1970 1373 2073; baseline -0.002 -16"><span class='ocrx_word' id='word_1_73' title='bbox 352 2002 401 2057; x_wconf 87' lang='lat' dir='ltr'><strong>ne</strong></span> <span class='ocrx_word' id='word_1_74' title='bbox 435 1974 506 2051; x_wconf 87' lang='lat' dir='ltr'><strong>esse</strong></span> <span class='ocrx_word' id='word_1_75' title='bbox 540 1976 799 2073; x_wconf 63' lang='lat' dir='ltr'><strong>exponendam</strong></span> <span class='ocrx_word' id='word_1_76' title='bbox 852 1974 985 2052; x_wconf 68' lang='lat' dir='ltr'><strong>lotum</strong></span> <span class='ocrx_word' id='word_1_77' title='bbox 1014 1974 1132 2073; x_wconf 74' lang='lat' dir='ltr'><strong>strluit</strong></span> <span class='ocrx_word' id='word_1_78' title='bbox 1171 1970 1279 2053; x_wconf 78' lang='lat' dir='ltr'><strong>libent</strong></span> <span class='ocrx_word' id='word_1_79' title='bbox 1318 1979 1373 2056; x_wconf 92' lang='lat' dir='ltr'><strong>l·</strong></span> 
     </span>
    </p>
   </div>
   <div class='ocr_carea' id='block_1_6' title="bbox 220 2094 1376 2215">
    <p class='ocr_par' dir='ltr' id='par_1_6' title="bbox 220 2094 1376 2215">
     <span class='ocr_line' id='line_1_13' title="bbox 220 2094 1376 2215; baseline -0.003 -32"><span class='ocrx_word' id='word_1_80' title='bbox 220 2202 227 2215; x_wconf 57' lang='lat'><strong>.</strong></span> <span class='ocrx_word' id='word_1_81' title='bbox 353 2099 578 2183; x_wconf 72' lang='lat' dir='ltr'><strong>besmerito.</strong></span> <span class='ocrx_word' id='word_1_82' title='bbox 643 2098 787 2175; x_wconf 86' lang='lat' dir='ltr'><strong>Etenim</strong></span> <span class='ocrx_word' id='word_1_83' title='bbox 819 2099 918 2200; x_wconf 90' lang='lat' dir='ltr'><strong>apud</strong></span> <span class='ocrx_word' id='word_1_84' title='bbox 951 2101 1138 2178; x_wconf 87' lang='lat' dir='ltr'><strong>Romanos</strong></span> <span class='ocrx_word' id='word_1_85' title='bbox 1177 2094 1281 2178; x_wconf 83' lang='lat' dir='ltr'><strong>votis</strong></span> <span class='ocrx_word' id='word_1_86' title='bbox 1323 2100 1376 2179; x_wconf 89' lang='lat' dir='ltr'><strong>nil</strong></span> 
     </span>
    </p>
   </div>
   <div class='ocr_carea' id='block_1_7' title="bbox 257 2205 1397 4284">
    <p class='ocr_par' dir='ltr' id='par_1_7' title="bbox 257 2205 1397 4185">
     <span class='ocr_line' id='line_1_14' title="bbox 355 2205 1376 2328; baseline 0 -26"><span class='ocrx_word' id='word_1_87' title='bbox 355 2245 436 2303; x_wconf 85' lang='lat' dir='ltr'><strong>erat</strong></span> <span class='ocrx_word' id='word_1_88' title='bbox 465 2223 714 2328; x_wconf 79' lang='lat' dir='ltr'><strong>frequentius,</strong></span> <span class='ocrx_word' id='word_1_89' title='bbox 745 2205 908 2322; x_wconf 75' lang='lat' dir='ltr'><strong>nihilque</strong></span> <span class='ocrx_word' id='word_1_90' title='bbox 941 2221 1151 2325; x_wconf 80' lang='lat' dir='ltr'><strong>religiosius.</strong></span> <span class='ocrx_word' id='word_1_91' title='bbox 1218 2226 1264 2300; x_wconf 87' lang='lat' dir='ltr'><strong>ln</strong></span> <span class='ocrx_word' id='word_1_92' title='bbox 1301 2230 1376 2328; x_wconf 87' lang='lat' dir='ltr'><strong>pri·</strong></span> 
     </span>
     <span class='ocr_line' id='line_1_15' title="bbox 257 2344 1376 2452; baseline 0.003 -29"><span class='ocrx_word' id='word_1_93' title='bbox 257 2420 261 2429; x_wconf 89' lang='grc'><em>,</em></span> <span class='ocrx_word' id='word_1_94' title='bbox 355 2350 426 2424; x_wconf 88' lang='lat' dir='ltr'><strong>mis</strong></span> <span class='ocrx_word' id='word_1_95' title='bbox 459 2367 584 2422; x_wconf 89' lang='lat' dir='ltr'><strong>autem</strong></span> <span class='ocrx_word' id='word_1_96' title='bbox 614 2345 653 2419; x_wconf 89' lang='lat' dir='ltr'><strong>in</strong></span> <span class='ocrx_word' id='word_1_97' title='bbox 683 2344 778 2421; x_wconf 90' lang='lat' dir='ltr'><strong>bello</strong></span> <span class='ocrx_word' id='word_1_98' title='bbox 809 2347 969 2446; x_wconf 86' lang='lat' dir='ltr'><strong>gerendo</strong></span> <span class='ocrx_word' id='word_1_99' title='bbox 1001 2372 1067 2448; x_wconf 92' lang='lat' dir='ltr'><strong>pro</strong></span> <span class='ocrx_word' id='word_1_100' title='bbox 1100 2348 1196 2424; x_wconf 84' lang='lat' dir='ltr'><strong>felici</strong></span> <span class='ocrx_word' id='word_1_101' title='bbox 1226 2372 1376 2452; x_wconf 87' lang='lat' dir='ltr'><strong>pugnae</strong></span> 
     </span>
     <span class='ocr_line' id='line_1_16' title="bbox 355 2446 1377 2571; baseline -0.002 -23"><span class='ocrx_word' id='word_1_102' title='bbox 355 2446 493 2548; x_wconf 82' lang='lat' dir='ltr'><strong>euentu</strong></span> <span class='ocrx_word' id='word_1_103' title='bbox 517 2470 716 2545; x_wconf 79' lang='lat' dir='ltr'><strong>uouebant.</strong></span> <span class='ocrx_word' id='word_1_104' title='bbox 744 2472 858 2569; x_wconf 85' lang='lat' dir='ltr'><strong>Saepe</strong></span> <span class='ocrx_word' id='word_1_105' title='bbox 884 2469 922 2543; x_wconf 88' lang='lat' dir='ltr'><strong>in</strong></span> <span class='ocrx_word' id='word_1_106' title='bbox 944 2471 1067 2545; x_wconf 90' lang='lat' dir='ltr'><strong>medio</strong></span> <span class='ocrx_word' id='word_1_107' title='bbox 1094 2472 1222 2571; x_wconf 85' lang='lat' dir='ltr'><strong>praelii</strong></span> <span class='ocrx_word' id='word_1_108' title='bbox 1256 2473 1377 2548; x_wconf 88' lang='lat' dir='ltr'><strong>discri-</strong></span> 
     </span>
     <span class='ocr_line' id='line_1_17' title="bbox 356 2591 1377 2673; baseline 0.001 -3"><span class='ocrx_word' id='word_1_109' title='bbox 356 2593 456 2671; x_wconf 84' lang='lat' dir='ltr'><strong>mine</strong></span> <span class='ocrx_word' id='word_1_110' title='bbox 488 2593 654 2668; x_wconf 89' lang='lat' dir='ltr'><strong>manibus</strong></span> <span class='ocrx_word' id='word_1_111' title='bbox 693 2594 740 2668; x_wconf 90' lang='lat' dir='ltr'><strong>ad</strong></span> <span class='ocrx_word' id='word_1_112' title='bbox 781 2591 927 2667; x_wconf 91' lang='lat' dir='ltr'><strong>coelum</strong></span> <span class='ocrx_word' id='word_1_113' title='bbox 969 2591 1115 2670; x_wconf 87' lang='lat' dir='ltr'><strong>sublatis</strong></span> <span class='ocrx_word' id='word_1_114' title='bbox 1151 2616 1244 2673; x_wconf 82' lang='lat' dir='ltr'><strong>vota</strong></span> <span class='ocrx_word' id='word_1_115' title='bbox 1284 2622 1377 2673; x_wconf 92' lang='lat' dir='ltr'><strong>nun·</strong></span> 
     </span>
     <span class='ocr_line' id='line_1_18' title="bbox 356 2714 1376 2822; baseline 0 -29"><span class='ocrx_word' id='word_1_116' title='bbox 356 2737 560 2816; x_wconf 89' lang='lat' dir='ltr'><strong>cuparunt,</strong></span> <span class='ocrx_word' id='word_1_117' title='bbox 587 2717 688 2815; x_wconf 92' lang='lat' dir='ltr'><strong>quod</strong></span> <span class='ocrx_word' id='word_1_118' title='bbox 728 2715 903 2815; x_wconf 88' lang='lat' dir='ltr'><strong>exemplis</strong></span> <span class='ocrx_word' id='word_1_119' title='bbox 949 2714 1055 2792; x_wconf 89' lang='lat' dir='ltr'><strong>facile</strong></span> <span class='ocrx_word' id='word_1_120' title='bbox 1094 2722 1250 2817; x_wconf 87' lang='lat' dir='ltr'><strong>probare</strong></span> <span class='ocrx_word' id='word_1_121' title='bbox 1293 2742 1376 2822; x_wconf 88' lang='lat' dir='ltr'><strong>pos·</strong></span> 
     </span>
     <span class='ocr_line' id='line_1_19' title="bbox 358 2838 1379 2942; baseline 0.006 -27"><span class='ocrx_word' id='word_1_122' title='bbox 358 2839 505 2932; x_wconf 89' lang='lat' dir='ltr'><strong>semus,</strong></span> <span class='ocrx_word' id='word_1_123' title='bbox 545 2840 568 2913; x_wconf 86' lang='lat' dir='ltr'>fi</span> <span class='ocrx_word' id='word_1_124' title='bbox 609 2838 833 2940; x_wconf 87' lang='lat' dir='ltr'><strong>diligentiam</strong></span> <span class='ocrx_word' id='word_1_125' title='bbox 879 2863 924 2916; x_wconf 84' lang='lat' dir='ltr'><strong>ex</strong></span> <span class='ocrx_word' id='word_1_126' title='bbox 964 2839 1195 2942; x_wconf 88' lang='lat' dir='ltr'><strong>superuacuis</strong></span> <span class='ocrx_word' id='word_1_127' title='bbox 1230 2843 1379 2921; x_wconf 70' lang='lat' dir='ltr'><strong>affecta-</strong></span> 
     </span>
     <span class='ocr_line' id='line_1_20' title="bbox 357 2950 1380 3065; baseline 0.005 -29"><span class='ocrx_word' id='word_1_128' title='bbox 357 2987 494 3065; x_wconf 78' lang='lat' dir='ltr'><strong>remus.</strong></span> <span class='ocrx_word' id='word_1_129' title='bbox 568 2964 751 3038; x_wconf 89' lang='lat' dir='ltr'><strong>Lautioris</strong></span> <span class='ocrx_word' id='word_1_130' title='bbox 799 2963 1021 3057; x_wconf 77' lang='lat' dir='ltr'><strong>conditionis</strong></span> <span class='ocrx_word' id='word_1_131' title='bbox 1069 2965 1236 3044; x_wconf 89' lang='lat' dir='ltr'><strong>homines</strong></span> <span class='ocrx_word' id='word_1_132' title='bbox 1285 2950 1380 3043; x_wconf 88' lang='lat' dir='ltr'><strong>tem·</strong></span> 
     </span>
     <span class='ocr_line' id='line_1_21' title="bbox 358 3084 1382 3189; baseline 0.008 -29"><span class='ocrx_word' id='word_1_133' title='bbox 358 3086 438 3189; x_wconf 88' lang='lat' dir='ltr'><strong>pla,</strong></span> <span class='ocrx_word' id='word_1_134' title='bbox 477 3087 613 3176; x_wconf 85' lang='lat' dir='ltr'><strong>ludos,</strong></span> <span class='ocrx_word' id='word_1_135' title='bbox 655 3084 827 3162; x_wconf 87' lang='lat' dir='ltr'><strong>sacrificia</strong></span> <span class='ocrx_word' id='word_1_136' title='bbox 867 3110 987 3165; x_wconf 85' lang='lat' dir='ltr'><strong>annua</strong></span> <span class='ocrx_word' id='word_1_137' title='bbox 1020 3093 1227 3184; x_wconf 81' lang='lat' dir='ltr'><strong>vouebant3</strong></span> <span class='ocrx_word' id='word_1_138' title='bbox 1257 3119 1279 3168; x_wconf 93' lang='lat' dir='ltr'><strong>a</strong></span> <span class='ocrx_word' id='word_1_139' title='bbox 1306 3093 1382 3168; x_wconf 88' lang='lat' dir='ltr'><strong>for·</strong></span> 
     </span>
     <span class='ocr_line' id='line_1_22' title="bbox 358 3209 1382 3309; baseline 0.008 -24"><span class='ocrx_word' id='word_1_140' title='bbox 358 3226 450 3286; x_wconf 85' lang='lat' dir='ltr'><strong>tuna</strong></span> <span class='ocrx_word' id='word_1_141' title='bbox 489 3212 604 3309; x_wconf 84' lang='lat' dir='ltr'><strong>magis</strong></span> <span class='ocrx_word' id='word_1_142' title='bbox 653 3211 814 3285; x_wconf 88' lang='lat' dir='ltr'><strong>destituti</strong></span> <span class='ocrx_word' id='word_1_143' title='bbox 861 3209 1054 3304; x_wconf 68' lang='lat' dir='ltr'><strong>victimas,</strong></span> <span class='ocrx_word' id='word_1_144' title='bbox 1105 3239 1214 3305; x_wconf 86' lang='lat' dir='ltr'><strong>aras,</strong></span> <span class='ocrx_word' id='word_1_145' title='bbox 1266 3217 1382 3293; x_wconf 87' lang='lat' dir='ltr'><strong>dona·</strong></span> 
     </span>
     <span class='ocr_line' id='line_1_23' title="bbox 358 3333 1380 3434; baseline 0.006 -26"><span class='ocrx_word' id='word_1_146' title='bbox 358 3334 439 3422; x_wconf 82' lang='lat' dir='ltr'><strong>ria,</strong></span> <span class='ocrx_word' id='word_1_147' title='bbox 494 3334 674 3408; x_wconf 89' lang='lat' dir='ltr'><strong>decimam</strong></span> <span class='ocrx_word' id='word_1_148' title='bbox 727 3333 885 3434; x_wconf 90' lang='lat' dir='ltr'><strong>praedae</strong></span> <span class='ocrx_word' id='word_1_149' title='bbox 945 3336 1016 3414; x_wconf 89' lang='lat' dir='ltr'><strong>&amp;c.</strong></span> <span class='ocrx_word' id='word_1_150' title='bbox 1092 3341 1203 3417; x_wconf 90' lang='lat' dir='ltr'><strong>Votis</strong></span> <span class='ocrx_word' id='word_1_151' title='bbox 1252 3338 1380 3430; x_wconf 63' lang='lat' dir='ltr'><strong>fatris,</strong></span> 
     </span>
     <span class='ocr_line' id='line_1_24' title="bbox 359 3456 1383 3557; baseline 0.011 -28"><span class='ocrx_word' id='word_1_152' title='bbox 359 3478 405 3529; x_wconf 89' lang='lat' dir='ltr'><strong>ea</strong></span> <span class='ocrx_word' id='word_1_153' title='bbox 445 3474 489 3532; x_wconf 82' lang='lat' dir='ltr'><strong>vt</strong></span> <span class='ocrx_word' id='word_1_154' title='bbox 528 3476 609 3529; x_wconf 83' lang='lat' dir='ltr'><strong>rata</strong></span> <span class='ocrx_word' id='word_1_155' title='bbox 648 3456 781 3548; x_wconf 86' lang='lat' dir='ltr'><strong>essent,</strong></span> <span class='ocrx_word' id='word_1_156' title='bbox 831 3462 1084 3557; x_wconf 87' lang='lat' dir='ltr'><strong>precabantur.</strong></span> <span class='ocrx_word' id='word_1_157' title='bbox 1160 3463 1256 3540; x_wconf 90' lang='lat' dir='ltr'><strong>Voti</strong></span> <span class='ocrx_word' id='word_1_158' title='bbox 1280 3489 1383 3542; x_wconf 90' lang='lat' dir='ltr'><strong>com·</strong></span> 
     </span>
     <span class='ocr_line' id='line_1_25' title="bbox 359 3577 1382 3682; baseline 0.012 -31"><span class='ocrx_word' id='word_1_159' title='bbox 359 3597 465 3677; x_wconf 89' lang='lat' dir='ltr'><strong>potes</strong></span> <span class='ocrx_word' id='word_1_160' title='bbox 503 3577 588 3652; x_wconf 72' lang='lat' dir='ltr'><strong>fassi</strong></span> <span class='ocrx_word' id='word_1_161' title='bbox 629 3579 719 3655; x_wconf 91' lang='lat' dir='ltr'><strong>illud</strong></span> <span class='ocrx_word' id='word_1_162' title='bbox 765 3582 1010 3682; x_wconf 88' lang='lat' dir='ltr'><strong>persoluentes</strong></span> <span class='ocrx_word' id='word_1_163' title='bbox 1053 3587 1087 3662; x_wconf 91' lang='lat' dir='ltr'><strong>se</strong></span> <span class='ocrx_word' id='word_1_164' title='bbox 1128 3588 1207 3663; x_wconf 88' lang='lat' dir='ltr'><strong>Diis</strong></span> <span class='ocrx_word' id='word_1_165' title='bbox 1239 3582 1382 3666; x_wconf 83' lang='lat' dir='ltr'><strong>merito</strong></span> 
     </span>
     <span class='ocr_line' id='line_1_26' title="bbox 358 3699 1383 3812; baseline 0.008 -34"><span class='ocrx_word' id='word_1_166' title='bbox 358 3699 421 3778; x_wconf 87' lang='lat' dir='ltr'><strong>vel</strong></span> <span class='ocrx_word' id='word_1_167' title='bbox 457 3703 680 3777; x_wconf 89' lang='lat' dir='ltr'><strong>merentibus</strong></span> <span class='ocrx_word' id='word_1_168' title='bbox 718 3726 811 3782; x_wconf 87' lang='lat' dir='ltr'><strong>vota</strong></span> <span class='ocrx_word' id='word_1_169' title='bbox 831 3708 985 3784; x_wconf 87' lang='lat' dir='ltr'><strong>reddere</strong></span> <span class='ocrx_word' id='word_1_170' title='bbox 1027 3709 1283 3804; x_wconf 82' lang='lat' dir='ltr'><strong>affirmabant3</strong></span> <span class='ocrx_word' id='word_1_171' title='bbox 1310 3736 1383 3812; x_wconf 87' lang='lat' dir='ltr'><strong>qua</strong></span> 
     </span>
     <span class='ocr_line' id='line_1_27' title="bbox 359 3822 1384 3912; baseline 0.007 -12"><span class='ocrx_word' id='word_1_172' title='bbox 359 3822 399 3900; x_wconf 90' lang='lat' dir='ltr'><strong>in</strong></span> <span class='ocrx_word' id='word_1_173' title='bbox 438 3846 478 3899; x_wconf 83' lang='lat' dir='ltr'><strong>re</strong></span> <span class='ocrx_word' id='word_1_174' title='bbox 520 3824 576 3899; x_wconf 88' lang='lat' dir='ltr'><strong>bis</strong></span> <span class='ocrx_word' id='word_1_175' title='bbox 623 3824 698 3902; x_wconf 85' lang='lat' dir='ltr'><strong>sere</strong></span> <span class='ocrx_word' id='word_1_176' title='bbox 746 3827 949 3907; x_wconf 85' lang='lat' dir='ltr'><strong>solennibus</strong></span> <span class='ocrx_word' id='word_1_177' title='bbox 996 3836 1120 3911; x_wconf 80' lang='lat' dir='ltr'><strong>verbis</strong></span> <span class='ocrx_word' id='word_1_178' title='bbox 1160 3833 1384 3912; x_wconf 79' lang='lat' dir='ltr'><strong>utebantur:</strong></span> 
     </span>
     <span class='ocr_line' id='line_1_28' title="bbox 363 3945 1385 4049; baseline 0.007 -23"><span class='ocrx_word' id='word_1_179' title='bbox 363 3945 496 4026; x_wconf 67' lang='lat' dir='ltr'><strong>Wtum</strong></span> <span class='ocrx_word' id='word_1_180' title='bbox 532 3945 651 4042; x_wconf 69' lang='lat' dir='ltr'><strong>stiluit</strong></span> <span class='ocrx_word' id='word_1_181' title='bbox 695 3946 812 4026; x_wconf 85' lang='lat' dir='ltr'><strong>lubens</strong></span> <span class='ocrx_word' id='word_1_182' title='bbox 857 3961 1005 4049; x_wconf 85' lang='lat' dir='ltr'><strong>merito,</strong></span> <span class='ocrx_word' id='word_1_183' title='bbox 1055 3962 1093 4037; x_wconf 82' lang='lat' dir='ltr'><strong>dc</strong></span> <span class='ocrx_word' id='word_1_184' title='bbox 1134 3960 1385 4036; x_wconf 80' lang='lat' dir='ltr'><strong>monumentis</strong></span> 
     </span>
     <span class='ocr_line' id='line_1_29' title="bbox 361 4069 1397 4185; baseline 0.013 -38"><span class='ocrx_word' id='word_1_185' title='bbox 361 4093 385 4147; x_wconf 86' lang='lat' dir='ltr'><strong>a</strong></span> <span class='ocrx_word' id='word_1_186' title='bbox 421 4070 454 4146; x_wconf 92' lang='lat' dir='ltr'><strong>se</strong></span> <span class='ocrx_word' id='word_1_187' title='bbox 497 4069 620 4170; x_wconf 75' lang='lat' dir='ltr'><strong>pontis</strong></span> <span class='ocrx_word' id='word_1_188' title='bbox 648 4074 901 4165; x_wconf 84' lang='lat' dir='ltr'><strong>inscribebant.</strong></span> <span class='ocrx_word' id='word_1_189' title='bbox 977 4083 1045 4159; x_wconf 92' lang='lat' dir='ltr'><strong>His</strong></span> <span class='ocrx_word' id='word_1_190' title='bbox 1068 4082 1299 4185; x_wconf 73' lang='lat' dir='ltr'><strong>praestrusiis</strong></span> <span class='ocrx_word' id='word_1_191' title='bbox 1336 4083 1397 4159; x_wconf 83' lang='lat' dir='ltr'><strong>fa·¹</strong></span> 
     </span>
    </p>

    <p class='ocr_par' dir='ltr' id='par_1_8' title="bbox 447 4206 1387 4284">
     <span class='ocr_line' id='line_1_30' title="bbox 447 4206 1387 4284; baseline 0.009 -8"><span class='ocrx_word' id='word_1_192' title='bbox 447 4254 458 4276; x_wconf 84' lang='lat'><strong>.</strong></span> <span class='ocrx_word' id='word_1_193' title='bbox 503 4245 509 4267; x_wconf 71' lang='lat'>2</span> <span class='ocrx_word' id='word_1_194' title='bbox 1248 4206 1387 4284; x_wconf 79' lang='lat' dir='ltr'><strong>cillima</strong></span> 
     </span>
    </p>
   </div>
   <div class='ocr_carea' id='block_1_8' title="bbox 0 0 1561 5142">
    <p class='ocr_par' dir='ltr' id='par_1_9' title="bbox 0 0 1561 5142">
     <span class='ocr_line' id='line_1_31' title="bbox 0 0 1561 5142; baseline 0 0"><span class='ocrx_word' id='word_1_195' title='bbox 0 0 1561 5142; x_wconf 95' lang='lat' dir='ltr'><strong> </strong></span> 
     </span>
    </p>
   </div>
  </div>
 </body>
</html>
