3059 5142
264 563 1088 683 memmaorarorenrumucnpuuars.
1132 601 1207 691 -59

183 765 243 853 di,
275 761 509 854 Constantis,
536 765 637 839 domi
654 763 879 864 militiaeque
890 763 950 838 fibi
963 765 1080 864 paris,
1096 790 1206 865 quem

169 873 296 963 'Deus
324 910 445 975 amet„
469 906 638 978 tueatur,
663 906 856 989 protegat,
882 889 1062 987 terrisque
1078 886 1207 980 nostris

182 1012 331 1085 saluum
344 1058 357 1098 ,
403 1010 647 1100 incolumem,
685 1011 724 1088 δι
756 1009 895 1087 ciuium
925 990 1207 1090 amantissimum

132 1126 136 1275 l
182 1160 302 1235 quam
329 1126 525 1207 diutissime·
548 1131 679 1210 seruet.

291 1370 406 1465 Qrod
428 1393 520 1445 vero
547 1390 675 1443 omnes
701 1393 746 1444 ac
771 1368 899 1472 finguli
934 1372 979 1448 ab
1005 1370 1209 1455 immortali.

181 1491 268 1565 Deo
297 1490 358 1567 fibi
384 1512 585 1602 erpetunt,
619 1478 846 1593 id'segreges
882 1518 1031 1595 quoque
1067 1498 1207 1571 ciuium

181 1613 365 1703 familiae,
392 1640 458 1715 pro
486 1616 562 1691 suu
574 1614 752 1716 fingulae,
774 1618 873 1715 quod
900 1613 1117 1717 sequuntur,
1150 1618 1207 1692 vi·

182 1758 241 1813 tae
271 1763 427 1839 genere,
466 1762 533 1813 cur
556 1737 689 1837 juns'tis
715 1741 883 1838 precibus
908 1744 1080 1840 votisque
1105 1727 1205 1841 flagi·

169 1881 265 1936 tent
281 1913 292 1950 ,
342 1861 419 1935 suas
444 1863 554 1937 hodie
579 1862 713 1937 ¹causas
746 1863 885 1939 habent
925 1866 963 1940 δι
1004 1848 1205 1940 multas&

181 1982 483 2085 exoptatissrmas.
510 2043 516 2055 .
547 1988 677 2062 Vnum
710 1986 890 2062 duntaxat
923 1988 1117 2062 hominum
1144 2012 1204 2089 gc·

181 2131 280 2197 nus,
306 2132 352 2182 ac
375 2133 422 2182 ne
449 2111 521 2185 hoc
547 2111 696 2210 quidem
723 2110 951 2200 uniuersum,
977 2109 1037 2184 sed
1061 2129 1205 2210 partem

181 2233 291 2320 eius,
341 2233 394 2307 rei
419 2231 599 2313 literariae
638 2235 877 2336 inprimisque
901 2220 1205 2308 Bibliothecariab
1317 2280 1348 2315 ,-

145 2353 387 2446 ..audieram
430 2359 635 2433 excitamus
649 2380 663 2447 3
706 2354 915 2432 Patrocinia
953 2356 1059 2453 enirn,
1087 2354 1203 2430 literis
1304 2366 1312 2376 “

180 2477 351 2576 praestita
378 2500 513 2578 quanta
539 2480 578 2555 &
602 2500 714 2580 quam
739 2475 950 2568 laetafint,
988 2479 1015 2552 ii
1040 2494 1202 2569 norunt,
1361 2470 1363 2477 ’

182 2604 241 2699 qui
294 2601 433 2676 artibus
466 2601 673 2680 liberalibus
712 2602 901 2702 ingenium
927 2601 1066 2676 habent
1089 2600 1200 2677 assue-

182 2745 273 2800 tum.
339 2726 415 2799 Vix
439 2750 529 2803 vero
557 2726 761 2824 Principem
786 2727 967 2824 reperias,
1009 2725 1072 2824 qui
1098 2727 1202 2800 Sere-

182 2847 321 2924 niffimo
348 2847 469 2924 nostro
497 2848 720 2926 CAROLO·
737 2849 781 2922 in'
802 2850 947 2923 tuendis
975 2847 1130 2921 sciemiis
1157 2838 1202 2923 a'c

181 2952 293 3048 literis
322 2973 364 3047 fit
389 2973 548 3073 superior
561 2958 581 3064 3¹
614 2990 866 3074 quapropter,
893 2968 963 3068 -qui
989 2969 1111 3059 Musas
1136 2992 1201 3048 co·

182 3095 279 3187 lunt,
298 3120 448 3186 omnes,
467 3097 564 3195 iique
577 3099 792 3193 praecipue,
820 3095 883 3192 qui
896 3090 1200 3192 illullriGymna·

181 3221 220 3298 lio
249 3250 274 3298 a
307 3217 524 3299 Sereniffimi
561 3220 712 3296 DVClS
739 3217 862 3292 nostro
889 3224 973 3290 Auo
999 3213 1198 3315 gloriosiliiu
1261 3232 1270 3247 ²
1309 3274 1318 3295 1

179 3368 254 3422 mae
283 3346 485 3420 memoriae
521 3342 659 3417 natales
695 3341 777 3431 suos
804 3339 953 3414 ducenti
973 3340 1072 3414 'bene
1097 3345 1198 3442 cupi-
1271 3386 1276 3401 ·

176 3490 268 3561 unt,
295 3469 333 3544 T
334 3469 410 3543 anti
438 3466 626 3542 Musarum
652 3460 873 3541 Proteuoris
898 3460 1065 3536 natalitia
1098 3463 1197 3560 sacra

174 3616 214 3671 oo
241 3592 515 3669 ardentioribus
541 3590 804 3690 prosequentur
828 3587 948 3674 rous,
978 3610 1052 3685 quo
1077 3578 1196 3692 magis
1264 3588 1281 3651 ’-

132 3722 134 3739 ’
176 3718 315 3793 babent
328 3766 342 3806 ‚
369 3713 571 3790 curtalem
598 3733 818 3810 tantumque
843 3709 1050 3808 Principem
1075 3709 1137 3786 ubi
1157 3714 1198 3790 δε

132 3846 136 3868 ’
174 3846 221 3919 rei
244 3842 433 3918 literariae
458 3836 700 3940 gratulentur.
762 3828 984 3908 Gratulandi
1009 3853 1099 3909 vero
1125 3838 1197 3909 Ar·

173 3985 396 4069 gumeutum
433 3960 499 4040 er¹
518 3960 643 4037 multis
677 3956 789 4035 hodie
808 3954 955 4032 nonnisi
978 3980 1115 4047 vnum,
1141 3955 1197 4031 rei
1316 4014 1328 4022 ..

132 4092 140 4115 '
175 4086 364 4173 literariaa
373 4090 637 4197 praecipuum,
661 4080 906 4175 bibliothecas
930 4078 1105 4159 nimirum
1127 4066 1198 4181 pu-x
1234 4182 1236 4187 Ι

177 4242 183 4265 ·
233 4268 236 4273 .
462 4264 465 4269 .
1076 4198 1191 4291 blicas
