3059 5142
227 646 233 653 ·
346 614 429 725 138
565 602 850 719 Wesleyinotae
872 592 1135 687 Grzomooim'e
1225 576 1232 589 ³

341 824 442 893 „rea
488 786 657 875 vsitatam
702 800 739 873 in
780 796 911 899 Anglia
948 793 1162 869 Vcrfionam
1199 791 1261 866 nifi
1296 791 1363 866 vbi

274 924 277 929 ’
341 942 611 1017 „momentum
636 922 710 1011 rei,
749 922 787 995 id
821 922 892 1010 est,
938 918 1022 994 vsus
1063 917 1109 992 ad
1149 914 1366 1015 capiendam

267 1074 298 1095 κ
341 1066 425 1135 „eo
456 1044 588 1120 melius
627 1064 791 1120 mentem
837 1045 1054 1144 scriptorum
1102 1039 1285 1114 sacrorum
1325 1038 1365 1111 id

342 1165 566 1259 „suaderem
610 1192 685 1244 non
717 1152 942 1259 immutasse&
983 1140 1106 1263 idque
1138 1186 1184 1237 eo
1218 1162 1341 1235 minus
1351 1210 1363 1249 ,

340 1291 464 1389 ,squia
495 1293 701 1393 persuasum
738 1289 798 1364 fibi
834 1293 895 1393 ipss
931 1288 992 1380 fit,
1032 1310 1146 1391 graue
1192 1285 1282 1386 quid
1325 1285 1365 1360 δε

294 1438 297 1445 “
340 1414 587 1505 »venerabile
619 1439 707 1515 prae
739 1414 774 1492 se
812 1414 926 1506 serre,
980 1412 1158 1515 quidquid
1198 1412 1236 1484 in
1278 1432 1367 1487 ver-

322 1536 534 1629 -,‚·lionibu's
588 1536 792 1613 istiusmodi
853 1538 1111 1639 antiquitatem
1167 1531 1363 1621 redoleat,

339 1663 417 1751 „dt
456 1662 543 1761 quia
581 1663 656 1761 ipse
696 1664 844 1764 indigne
894 1652 1009 1750 serat,
1049 1684 1093 1736 ea
1132 1658 1193 1734 fibi
1236 1655 1365 1760 surripi

335 1772 511 1875 .„ver'ba-,
536 1785 669 1885 quibus
700 1788 740 1871 iu
773 1787 835 1862 suo
873 1809 958 1863 cum
984 1785 1071 1860 DEo
1106 1782 1357 1869 commercio,

322 1906 421 2001 'mdc
451 1906 490 1982 in
521 1904 677 1985 admillis
716 1912 851 1987 diu-inis
891 1892 1201 1989 consolationibus
1238 1904 1363 1980 stimu-

217 2116 221 2123 ,
339 2028 554 2131 „lisquea
591 2032 727 2108 teneris
760 2035 847 2109 inde
871 2016 921 2111 stt
961 2016 1118 2108 assuetus
1133 2057 1149 2123 ,·
1196 2029 1363 2105 Omnem

242 2136 247 2147 ¹
338 2176 489 2254 „porro
514 2150 736 2233 l'enauasse
777 2170 947 2261 operam,
975 2168 1022 2233 n'e
1060 2152 1362 2233 Commentarius

165 2338 170 2345 ·
284 2314 287 2319 ·
338 2276 626 2371 „inobscuraret
688 2279 751 2355 vel
809 2282 1015 2359 absorberet
1076 2295 1268 2367 textum-3·
1313 2276 1362 2351 ob

336 2399 517 2493 „dislum
554 2399 661 2499 supra
693 2403 900 2497 confilium,
929 2406 1086 2482 Criticas
1117 2404 1151 2478 se
1178 2402 1216 2476 ὅ(
1242 2400 1362 2475 curio·

230 2518 233 2523 ’
338 2524 430 2619 „sas
464 2521 710 2623 quaestiones,
747 2526 955 2628 linguarum
980 2524 1209 2604 eruditarum
1231 2524 1360 2612 vsum,

135 2668 145 2701 ’-
242 2730 245 2735 .
340 2650 495 2743 „immo
533 2669 662 2721 omnes
695 2649 870 2749 loquendi
897 2654 1049 2749 'modos
1098 2653 1137 2727 δι
1183 2647 1361 2726 formulas

343 2771 485 2871 „apud
525 2766 671 2870 plebem
711 2798 787 2849 non
825 2775 973 2851 vfitatas
1018 2775 1170 2853 studiose
1205 2771 1360 2860 cauisse,

339 2921 368 2965 κ
382 2873 500 2947 dubiis
533 2871 681 2949 obuiam
720 2874 998 2976 iuilsepotius,
1038 2899 1150 2977 quam
1184 2891 1246 2965 rt,
1261 2871 1361 2946 scru-

340 3042 368 3088 „
378 2992 509 3095 pulos,
551 2993 612 3092 qui
641 2996 897 3089 iniicerentur,
936 3000 1175 3085 recensuerit,
1203 2992 1360 3071 diffictd·

337 3134 472 3211 „tates
522 3118 609 3191 data
647 3143 759 3219 opera
798 3120 900 3221 saepe
939 3119 1165 3197 dissimulasse
1172 3144 1186 3212 3
1232 3120 1359 3220 Pergit

339 3242 531 3334 „authot,
572 3238 606 3315 se
646 3242 683 3315 in
701 3246 840 3319 xanimo
872 3246 1013 3345 pridem
1043 3244 1224 3332 habuisse,
1264 3266 1359 3323 nou·

337 3366 439 3459 „nist
478 3361 578 3439 aslos
613 3390 635 3437 a
667 3366 749 3441 DEl
783 3365 910 3468 spiritu
952 3370 1152 3469 Scriptores
1194 3371 1232 3441 in
1268 3388 1355 3441 con-

335 3487 491 3583 „stlium
531 3485 723 3578 adhibere,
763 3490 802 3565 ἃ
844 3517 888 3565 ea
925 3510 1069 3566 tantum
1115 3491 1355 3593 perscribere,

336 3634 470 3713 „quae
491 3611 561 3685 hac
587 3611 728 3685 ratione
754 3613 863 3712 digna
885 3613 1101 3689 inuenturos
1128 3614 1241 3704 esset3
1268 3636 1356 3711 cum

335 3754 367 3825 ὁ,
376 3734 533 3835 primum
565 3757 657 3811 vero
695 3735 734 3808 in
791 3759 965 3836 magnum
1021 3738 1113 3813 illud
1160 3735 1357 3836 Christiani

182 3890 185 3897 ·
269 3922 276 3935 .
330 3856 473 3953 ',‚orbis
529 3854 675 3946 lumen,
728 3857 944 3959 Bergelium
989 3882 1107 3962 puta,
1163 3860 1355 3949 inciderit,

152 4040 160 4047 .
198 3992 226 4071 ᾗ
262 4072 266 4079 Ι
336 3980 410 4075 „se
452 3980 606 4057 mutasse
642 4000 833 4071 mentem,
881 3985 920 4058 ὅ(
961 3985 1165 4085 persuasum
1207 3984 1357 4085 habuis-¹

140 4104 157 4147 '·
222 4192 226 4199 ,
335 4106 428 4199 ‚,se,
475 4103 529 4194 se,
569 4103 671 4204 quod
712 4127 810 4182 ete
846 4106 944 4187 soret
982 4108 1186 4211 religionis,
1220 4106 1354 4185 melius
1405 4104 1407 4109 ’

1195 4231 1356 4340 „facere
