3059 5142
417 676 425 684 ,
558 606 703 700 Sacrae
730 600 978 722 Scriptum.
1107 693 1109 697 ,
1184 633 1281 736 299

251 804 350 901 tate,
385 805 574 908 totiusque
605 800 790 882 Auditorii
820 793 1036 902 Amplisstmi
1071 800 1277 906 patientie,-

249 922 321 1010 bac
347 931 431 1009 vice
453 930 517 1008 vni
540 944 685 1006 tantum
711 925 900 1003 inhaerere
924 927 1137 1003 commercii
1162 930 1275 1011 huius

250 1049 467 1157 theologici,
491 1050 530 1129 dt
560 1049 696 1155 medici
734 1041 928 1147 exemplo,
967 1050 1069 1152 quod
1098 1049 1190 1130 mihi
1224 1053 1274 1137 de

251 1195 491 1281 argumento,
516 1160 634 1251 hodie
652 1168 734 1250 satis
748 1188 959 1275 opportuno
977 1169 1170 1253 meditanti
1192 1172 1277 1284 sug.

251 1294 388 1404 gessere
424 1294 577 1378 Plantae
610 1295 739 1374 Sacrae
771 1292 1010 1396 Scripturas,
1045 1318 1202 1399 quarum
1224 1304 1281 1408 Ι,δε
1338 1374 1340 1378 ,

251 1412 421 1514 Veteris,
457 1425 496 1502 dc
520 1417 624 1501 Noui
648 1416 870 1496 Testamenti
895 1418 1049 1522 paginae
1074 1421 1186 1502 toties
1211 1450 1281 1507 va.

249 1538 344 1625 tiam
378 1544 547 1623 iniiciunt
578 1536 827 1633 mentionem,
861 1538 901 1618 &
922 1545 1030 1621 eirca
1057 1568 1148 1647 quas
1163 1526 1279 1653 eqpi.

253 1668 340 1748 dem
366 1670 460 1746 bene
484 1666 600 1759 noui,
632 1658 789 1741 multam
819 1660 912 1767 ipsos
943 1664 1041 1745 inter
1063 1667 1282 1778 Theologos

253 1788 385 1899 agitari
416 1785 720 1879 controuerfiam,
752 1786 841 1865 licet
873 1809 949 1865 non
973 1788 1161 1893 ignorem,
1196 1819 1282 1879 eam

253 1915 369 1995 etiam
400 1936 476 1993 non
509 1908 636 2017 paucis
669 1908 764 1988 tanti
799 1933 874 1989 non
907 1905 979 1991 esie
1006 1915 1125 1994 videri
1149 1918 1284 2024 pretii,
1342 1973 1347 1981 .

253 2023 358 2144 duod
383 2042 532 2141 operam
564 2033 622 2114 his
648 2028 958 2136 disquisitionibus
988 2035 1188 2142 impensam
1214 2041 1283 2124 sol·
1364 2027 1389 2128 ’,

253 2181 335 2243 rat.
393 2162 482 2240 Non
512 2157 682 2250 interim,
717 2152 741 2232 si
772 2178 882 2250 vera,
912 2179 1095 2259 quantum
1126 2185 1198 2271 ego
1223 2168 1284 2246 vi·

256 2284 348 2378 deo,
376 2281 496 2362 dicere
522 2279 628 2374 licet,
656 2274 786 2358 frustra
810 2278 957 2382 optauit
982 2284 1181 2377 Cumadus
1195 2287 1284 2371 Die·

256 2407 394 2488 rericus
423 2405 460 2483 in
485 2401 779 2507 Antiquitatibus
810 2394 976 2496 Biblicis,
1008 2423 1054 2484 rt
1078 2403 1184 2503 effer,
1216 2404 1288 2515 qui
1314 2420 1340 2491 '.

258 2518 407 2610 Sacram
432 2522 628 2630 aliquando
643 2523 871 2619 Boranicanr,
896 2521 1093 2632 voluptate
1116 2556 1194 2615 non
1214 2534 1288 2615 mi·

257 2673 329 2735 nus
360 2652 553 2743 eximiam,
592 2672 636 2728 ac
670 2645 831 2728 militate
863 2645 1073 2761 scientiam,
1111 2642 1286 2742 omnibus¹

259 2774 463 2860 absolutam
489 2770 559 2852 suit
582 2772 745 2853 numeris
771 2764 996 2876 persiceret.¹
1023 2780 1117 2860 Sunt
1132 2781 1288 2886 vtique,

257 2901 404 2994 fateor,
429 2894 567 2992 muita,
601 2917 697 3001 quae
730 2896 778 2976 ad
810 2900 957 2977 Sacram
988 2897 1086 2981 hanc
1116 2902 1291 2991 'excolen-

259 3027 348 3111 dam
379 3024 564 3130 pertinent
588 3027 804 3105 Botanicam
835 3019 1043 3126 postulata,
1084 3028 1208 3109 minus
1240 3027 1291 3112 ad

259 3150 453 3232 Medicum
485 3142 620 3229 diredie
633 3195 647 3244 ,
682 3143 743 3229 sed
755 3193 768 3238 ,
798 3144 823 3222 fi
853 3143 1019 3252 quidem
1035 3171 1171 3254 magna
1199 3146 1291 3245 licet

264 3292 489 3377 componere
522 3273 665 3376 paruis,
697 3275 736 3352 id
763 3271 837 3363 est,
869 3266 1039 3370 fimetiri
1063 3269 1119 3351 faa
1145 3274 1197 3355 est
1219 3280 1291 3360 130.

264 3396 594 3515 tunicamNSacram
616 3417 663 3475 ex
686 3395 868 3486 humana,
894 3416 971 3475 non
992 3415 1169 3501 poterunt
1192 3399 1294 3483 illiue

264 3518 497 3625 problemata
520 3516 704 3625 Theologi
736 3517 877 3599 soluere
910 3519 948 3598 in
970 3534 1123 3615 totum,
1158 3525 1293 3629 quine¹

264 3643 444 3725 Botanica
460 3641 693 3725 Medicorum
717 3641 779 3723 fibi
802 3641 975 3757 tantisper
996 3644 1190 3728 consulant
1197 3671 1212 3743 3
1237 3651 1295 3729 in·
1402 3682 1404 3686 ·

267 3767 410 3875 quiram
436 3768 474 3846 in
495 3767 568 3847 hoc
591 3767 708 3873 ipsum
731 3792 802 3874 ego
829 3786 1060 3848 momentum
1085 3766 1295 3853 breuissime

268 3874 392 3996 aliquo
418 3890 601 3985 sermone,
628 3915 738 3996 quem
760 3911 807 3974 nt
828 3886 1018 3972 beneuolia
1042 3893 1089 3974 A„
1107 3891 1159 3975 0.
1181 3891 1299 3984 Odi.
1324 3941 1326 3945 ·

270 4008 471 4120 dignemini
503 4014 673 4112 auribus,
706 4014 777 4111 est,
810 4017 913 4120 quod
941 4016 1049 4099 enixe
1079 4039 1196 4125 rogo,
1228 4017 1324 4117 ito.
1390 4035 1392 4039 ·

268 4140 567 4247 tumque'iogm
593 4165 669 4227 non
693 4140 792 4223 enim
814 4137 943 4231 frusino
962 4162 1074 4250 urget
1096 4164 1158 4227 me
1181 4141 1298 4247 impe·

740 4266 829 4354 Ua
1209 4284 1329 4363 tot,-¹
