3059 5142
337 560 563 677 ‘irnpaio
579 565 625 653 in
642 550 1120 678 nmosnonvolommiol
1191 590 1271 671 121'
1368 609 1372 619 ·

198 852 201 883 Ι
257 755 388 841 Multo
415 778 539 840 autern
568 760 737 863 inignius
761 765 811 840 est
843 765 1058 866 exemplum
1093 758 1274 845 uertebra·

256 879 307 981 iis
331 887 507 973 arteriae,
535 910 630 983 quae
653 890 826 963 nimirum
845 892 890 962 ab
915 892 1086 966 inferiore
1109 894 1269 967 ceruica-
1376 910 1378 915 ’

256 1002 286 1079 li
311 1005 478 1105 ganglio,
504 1012 603 1107 quod
630 1013 691 1085 sub
718 1014 872 1090 arteriae
903 1017 1118 1111 thyroideae
1144 1040 1273 1090 curua·

237 1126 344 1201 „tura
367 1139 467 1203 retro
479 1177 492 1217 ‚
533 1135 571 1208 ὃς
603 1134 714 1233 p'aulo
752 1135 858 1234 'super
896 1135 1115 1213 subclauiarn¹
1147 1137 1272 1214 duuui

255 1248 450 1357 thoracico
475 1258 548 1350 jam
572 1259 618 1334 ad
643 1256 761 1333 finem·
779 1256 986 1360 properanti
1012 1264 1176 1352 adiacet,
1203 1240 1295 1336 cir·¹

253 1375 334 1450 culi
357 1380 403 1473 ad
428 1381 581 1453 modum
608 1384 788 1473 ambitur,
815 1384 904 1456 dum
929 1400 1015 1483 pars·
1027 1385 1135 1458 huius
1158 1410 1271 1486 gang·

250 1498 296 1574 lii
322 1492 507 1575 dexterior
531 1494 593 1603 ipsi
617 1505 759 1580 adiacet
782 1509 959 1597 arteriae,
994 1531 1077 1605 pots
1105 1506 1270 1584 finisttor·

252 1621 356 1711 sum,
384 1626 481 1698 circa
500 1627 683 1702 'arteriam
719 1627 938 1706 circumasta
967 1629 1063 1704 redit
1094 1633 1131 1705 in
1158 1658 1269 1735 gang·

250 1745 368 1835 lium,·
409 1751 509 1826 vnde
541 1771 705 1825 venerat.
768 1752 945 1850 Lancistus
976 1754 1014 1826 in
1054 1753 1188 1830 dissert.
1222 1759 1269 1831 de
1365 1810 1367 1817 -

250 1892 371 1976 azygo
401 1894 499 1948 vena
532 1872 675 1966 stanit,
716 1872 795 1986 eius
826 1895 998 1956 truncum
1025 1879 1064 1954 δε
1097 1870 1268 1958 ramo‘sa

1143 2026 1267 2079 neruis

274 2219 277 2223 -
338 2175 479 2240 &fimul
516 2176 568 2243 Vri
578 2179 657 2239 enim
671 2180 844 2251 cerebrum,
861 2183 883 2244 i.
898 2203 926 2244 e.
942 2182 1039 2245 omnis
1054 2182 1103 2243 ille
1118 2179 1209 2258 pulpa
1221 2199 1267 2241 ce·
1370 2164 1375 2170 ⁵

337 2281 433 2350 rebri,
452 2280 587 2341 cerebelli
601 2281 791 2343 &medullae
807 2284 1000 2365 oblongatae,
1020 2283 1134 2363 quin&
1146 2301 1265 2342 mscen-
1348 2318 1350 2323 -
1372 2290 1385 2299 '

285 2420 288 2427 ·
337 2382 379 2443 tie
400 2385 461 2457 jam
479 2383 596 2460 spinalis
615 2382 682 2444 fons
706 2384 746 2446 est
773 2384 806 2446 &
833 2387 919 2467 origo
931 2405 1092 2449 neruorum
1108 2384 1267 2447 omnium:
1402 2382 1409 2391 '

335 2486 377 2548 ita
396 2484 548 2564 profesto,
566 2505 634 2546 cum
651 2487 727 2548 fiunt
744 2488 919 2553 mutationes
940 2489 973 2550 in
997 2506 1063 2553 toto
1085 2507 1208 2566 corpore
1230 2484 1266 2546 fi·
1354 2534 1356 2539 .

337 2590 504 2660 mul‚·veri
520 2589 613 2670 magis
633 2589 673 2651 est
692 2589 800 2659 fintile,
820 2589 900 2651 hune
916 2592 1013 2670 potius
1037 2591 1112 2662 affici
1130 2589 1265 2675 iontem..
1298 2597 1301 2609 ¹

334 2712 424 2774 quarn
444 2693 572 2771 aliquem
598 2708 713 2755 tantum
742 2712 870 2780 neruum
895 2688 1089 2776 fingularem,
1121 2693 1174 2772 qui
1194 2693 1266 2754 huie

334 2796 427 2859 modo
437 2839 448 2868 ,
464 2795 512 2854 vel
525 2794 569 2854 illi
589 2791 728 2874 fingulari
744 2797 821 2873 parti
838 2798 994 2875 prospicit,
1021 2796 1158 2876 quamuis
1174 2797 1263 2858 etiam

332 2919 396 2962 non
413 2898 551 2964 diffitear,
572 2895 677 2957 debere
694 2898 727 2961 in
744 2899 843 2976 priore
855 2917 974 2978 quoque
990 2899 1054 2959 casu
1068 2900 1263 2963 mutationem

331 3004 400 3068 loco
417 3000 461 3062 illi
477 2985 594 3058 sensoiii
611 3000 778 3062 communis
806 3002 937 3079 imprimi
946 3041 973 3077 ,q
988 3002 1041 3080 qui
1056 2998 1124 3063 fons
1140 3001 1180 3064 est
1198 3003 1261 3064 affi-

331 3102 430 3167 ciendi
445 3100 597 3183 fingularis
619 3103 724 3171 nerui;
750 3103 948 3184 quinetiam,
967 3122 1036 3163 cunt
1053 3103 1262 3178 obseruemus,

330 3194 476 3288 plurimos
504 3203 622 3264 effeetus
644 3198 752 3268 animi=
764 3205 965 3284 pathernatum
989 3205 1123 3282 imprimi
1151 3209 1260 3285 potilli·

331 3330 418 3372 mum
434 3308 588 3390 sanguini,
606 3311 783 3388 laqueosque
812 3309 879 3368 illos
908 3327 1057 3387 nusquam
1077 3307 1260 3392 frequentius

331 3432 504 3481 occurrere,
522 3429 611 3490 quam
625 3413 658 3471 in
672 3411 743 3474 vafis
761 3411 943 3491 sanguineis:
963 3410 1056 3490 quid,
1072 3412 1194 3482 amabo,
1209 3434 1258 3476 ve-

330 3537 367 3576 ro
390 3514 499 3576 accedit
524 3515 662 3591 propius,
692 3534 782 3594 quarn
811 3513 894 3593 quod
919 3511 972 3591 ipsi
986 3511 1018 3575 hi
1043 3513 1162 3594 laquei,
1188 3536 1258 3580 cum

220 3610 224 3617 ¹
328 3619 532 3700 stringuntur,
553 3616 732 3687 renduntur,
756 3615 861 3677 leniter
877 3617 1094 3687 intumescunt,
1120 3615 1174 3683 hac
1197 3621 1257 3701 ipsa

313 3720 379 3785 ‘sna
398 3722 559 3795 mutatione
572 3718 721 3801 sanguinis
739 3719 854 3780 fluxum
874 3720 1011 3797 tantisper
1028 3719 1119 3785 modo
1142 3741 1255 3785 coerce·

328 3842 399 3893 ant,
415 3825 505 3884 modo
520 3825 673 3885 intendant
692 3824 725 3886 δι
744 3819 924 3885 accelerent?
950 3820 1082 3901 adeoque
1102 3821 1174 3886 ansts
1198 3824 1256 3885 hu·

232 3931 234 3933 ’
326 3928 490 4003 juscemorli
506 3945 668 4008 magnaex
686 3942 768 4004 parte
792 3942 868 3987 certe
889 3924 1012 3986 debetur
1034 3934 1196 3990 neruorum
1220 3928 1253 3987 in

328 4031 445 4091 arterias
459 4032 619 4108 imperium
641 4029 736 4098 illud,
762 4028 844 4110 quod
869 4027 989 4108 quidem
1012 4029 1103 4089 oculis
1129 4028 1256 4092 demon·

328 4131 409 4194 strarl
424 4133 536 4213 potest,
557 4130 653 4194 forsan
673 4132 759 4195 etiam
776 4134 859 4205 juxta
876 4149 929 4198 et.
956 4149 1031 4208 quae
1049 4133 1254 4225 supqapropo·
1303 4142 1311 4159 ‘
1335 4212 1337 4217 Ι
1386 4140 1389 4147 ’

626 4251 628 4255 “
773 4237 805 4296 Η
828 4251 846 4320 5
1052 4312 1054 4318 Ι
1190 4229 1253 4303 ἰυῖ,
