3059 5142
198 568 201 573 ’
345 579 431 687 328
498 564 697 669 Voizii&
718 559 1020 680 ClnnntiiDzffi
1036 568 1232 685 nmocbeae
1280 700 1284 711 .

343 762 486 841 censeo.
532 762 751 842 Ammianus·
761 761 902 839 sortem
926 788 1070 866 pugnae
1096 770 1269 867 grauun,
1296 722 1367 845 diu

343 888 562 987 ancipitem,
596 880 772 965 nonnullo
799 889 948 988 quidem
973 891 1224 971 Romanorum
1256 915 1362 983 com·

130 1010 133 1015 '
172 1022 177 1039 ·
213 1092 216 1097 ¹
342 1010 542 1089 modove}
568 1012 717 1087 tandem
741 1011 918 1102 decisam,
961 1013 1097 1113 absque
1125 1005 1201 1089 ulla
1234 1032 1360 1099 tamen

344 1129 538 1237 Triumphi
561 1136 749 1211 mentione
767 1133 978 1210 describit..
1022 1137 1200 1232 Ausonius
1214 1161 1246 1211 ·e
1271 1159 1362 1212 con-

342 1259 458 1336 trario
483 1255 718 1359 profligatum
742 1259 888 1359 penitus
912 1256 1067 1349 bellum,
1104 1258 1267 1335 deuibios
1293 1260 1365 1343 ho·

343 1377 435 1469 stes,
472 1383 588 1459 immo
623 1381 739 1483 plane.
771 1381 868 1458 vltra
905 1383 1089 1481 ignotum
1107 1382 1183 1456 lstri
1219 1380 1361 1457 fontem

345 1500 517 1593 existes,
556 1503 707 1605 plenum
733 1464 914 1606 'debique
961 1506 1207 1606 Triumphum
1246 1503 1361 1587 canit.

271 1682 277 1693 ·
344 1625 414 1705 llle
428 1628 574 1735 mortui
603 1627 850 1705 Valentiniani
873 1627 1070 1706 Historiam
1095 1629 1227 1703 minori
1260 1646 1364 1705 certe

222 1842 225 1847 ¹
344 1753 506 1857 partium
531 1750 648 1828 studio
672 1754 886 1842 adornavit,
910 1755 972 1829 hic
993 1755 1064 1829 viti
1089 1755 1209 1837 adhuc
1233 1749 1363 1825 laudes

345 1871 609 1974 gratulantium
644 1899 747 1951 more
779 1878 914 1951 mirum
945 1879 996 1951 in·
1016 1877 1170 1951 modum
1203 1873 1364 1965 extolliu

270 2095 273 2100 Ι
344 1995 516 2095 Vterque
538 1996 746 2097 uliquid‘ex
774 2023 895 2089 vero,
939 1997 999 2074 ille
1024 2019 1148 2075 tamen
1180 1997 1262 2098 plus
1279 2048 1282 2055 -
1297 2000 1365 2072 ha-

343 2120 459 2197 bebit.
523 2118 736 2198 Ammianus
757 2124 871 2224 igitur
899 2123 1130 2221 primoloco
1158 2121 1363 2196 audiendus

345 2232 409 2323 est
459 2244 602 2319 Locum
620 2247 773 2347 pugnae
796 2248 884 2321 anni
908 2266 1067 2347 tempus,
1095 2244 1213 2321 hostes
1236 2243 1364 2332 etiam,

254 2372 256 2379 '
342 2367 474 2471 qualos
490 2365 648 2458 fixerint,
673 2369 862 2471 perspicua
886 2372 1020 2472 partim
1043 2372 1209 2446 oratione
1233 2365 1366 2442 descri-

345 2496 402 2569 bit
409 2540 425 2585 2
446 2492 580 2593 partim
603 2492 781 2591 probabili
804 2494 849 2568 fic
875 2494 959 2569 satis
977 2490 1189 2569 couie&ura
1213 2514 1260 2568 ex
1285 2491 1365 2566 aliis

346 2613 664 2707 circumstantibus
690 2614 896 2717 intelligere
921 2639 987 2691 nos
1011 2617 1125 2691 iubet.
1186 2618 1214 2689 1.
1240 2618 1366 2691 Locus

346 2761 493 2842 pugnae
526 2735 748 2828 solicinium,
790 2739 862 2813 fiue
894 2741 1091 2837 oppidum,
1129 2738 1201 2814 slue
1225 2764 1366 2841 pagus,

347 2863 421 2941 bue
446 2880 581 2949 mous,
612 2859 684 2936 fiue
709 2864 867 2964 nogionis
894 2859 987 2936 siluis
1016 2864 1247 2962 dumetisque
1275 2846 1367 2936 obfiss

324 3004 410 3073 ,tae
435 2984 505 3060 alia
527 3007 765 3087 quaecunque
788 3009 871 3088 pare
896 2984 1028 3078 fuerit,
1065 2989 1110 3061 ab
1137 2988 1210 3087 ipio
1236 2985 1365 3083 indigi·

347 3128 461 3186 tatur.
538 3110 650 3183 Hunc
675 3126 765 3186 vero
788 3111 912 3186 locum
945 3110 969 3182 s1
995 3111 1181 3198 sciremus,
1223 3111 1268 3184 ad
1291 3112 1366 3213 Lu·

346 3234 540 3335 podunum
563 3231 901 3316 facilius-concludi
926 3221 1064 3334 'poffet3
1091 3236 1177 3333 quia
1204 3235 1366 3309 Ammia-

348 3378 400 3431 no
426 3357 543 3431 maior
556 3344 665 3455 quam
686 3357 847 3434 Ausonio
872 3355 962 3434 fides
986 3357 1175 3442 habenda,
1203 3358 1366 3457 vel=quia

348 3480 396 3553 ab
421 3477 723 3581 Historiograpbo
757 3484 874 3559 tutius
900 3504 1008 3582 quam
1034 3504 1055 3554 a
1082 3481 1213 3568 Poeta,
1239 3479 1262 3553 fi
1285 3507 1366 3557 cae·

349 3621 429 3678 tera
456 3603 585 3677 'etiam
616 3606 715 3703 paria
754 3605 850 3694 sint,
898 3604 1141 3708 geographica
1179 3604 1365 3679 certitudo

336 3726 509 3828 petitur,
535 3725 654 3802 multo
679 3751 770 3803 vero
797 3730 933 3831 magis,
967 3728 1116 3803 fihunc
1140 3723 1366 3826 exaggeraiie

247 3896 251 3901 -
330 3872 452 3940 urum,
493 3850 532 3925 δε
571 3850 801 3951 triumphum
843 3872 927 3926 ante
968 3850 1160 3927 viuoriam
1201 3845 1367 3924 cecinisse

350 3996 427 4049 non
451 3971 637 4071 probabile
661 3993 805 4049 tantum
844 3975 901 4051 sed
927 3976 964 4049 ἂ
990 3996 1131 4048 certum
1157 3971 1209 4045 sit.
1286 3973 1367 4045 Hu-

351 4094 410 4173 ius
443 4095 558 4195 igitur
574 4144 578 4153 ·
597 4095 672 4177 loci
711 4095 817 4175 situm
837 4101 1014 4198 *inprimis
1042 4095 1367 4193 ‘determinandum

436 4266 465 4275 ··
1299 4220 1370 4298 effe
