3059 5142
140 4085 144 4091 ’
177 4130 183 4135 -
274 4146 276 4151 -
366 4091 460 4166 bene
494 4112 631 4169 norunt
654 4089 858 4167 Astronomi
867 4114 881 4182 3
919 4107 1161 4191 quapropter,
1209 4089 1311 4190 quod
1349 4090 1393 4161 de

348 623 439 725 432
571 592 872 699 retornus&
899 596 1194 725 Observationes

452 795 537 878 Pari
560 790 710 877 ratione
726 790 861 879 Prellio
891 798 1068 881 materiae
1096 800 1294 906 grauificae
1326 796 1372 879 ad

354 920 596 1029 hypotheses,
623 922 680 1031 vti
703 946 835 1002 notum
850 920 927 1014 est,
969 926 1138 1003 refertur.
1192 929 1292 1004 Pone
1308 930 1372 1000 At·

321 1050 568 1145 trab‘tionem
597 1050 909 1126 Neurtnnianamr
943 1048 983 1127 dt
1011 1048 1184 1141 habebis,
1219 1074 1286 1127 cur
1308 1076 1374 1152 po·

352 1174 429 1253 tius
451 1194 596 1249 motum
620 1174 810 1275 vertiginis
830 1168 1074 1265 acceleratum
1087 1175 1239 1250 Qstatuas
1283 1180 1372 1276 Qto

352 1300 452 1377 enim
476 1298 626 1398 propior
661 1298 795 1399 globus
833 1292 875 1372 fit
900 1310 1028 1375 centro
1056 1297 1141 1388 suo,
1173 1322 1217 1376 eo
1245 1297 1377 1376 fortius

353 1406 512 1525 fingulae
535 1424 616 1498 eius
649 1441 773 1525 partes
806 1384 1063 1497 attrahuntur:
1097 1422 1252 1523 &quia
1288 1426 1378 1501 haec

353 1544 525 1625 amanio
563 1542 668 1623 causa
705 1542 756 1623 est
792 1566 871 1624 tam
892 1542 1094 1669 gyrationis
1110 1542 1207 1622 circa
1245 1542 1379 1635 solem,

353 1692 466 1773 quam
484 1669 804 1775 gyrationiscircn
822 1694 948 1763 axem3
975 1687 1099 1747 motus
1115 1666 1308 1773 vertiginis
1335 1688 1381 1743 ex

352 1796 425 1872 hac
461 1790 655 1896 hypothesi
695 1788 920 1870 acceleretur
958 1770 1097 1872 necesse
1138 1794 1199 1870 est.
1259 1772 1391 1869 Adeo?

353 1942 429 2021 que
479 1918 517 1992 in
566 1912 729 2021 propiori
778 1943 800 1991 a
856 1914 926 1992 sole
970 1916 1167 2009 distantia,
1222 1912 1380 1994 successu

353 2030 561 2142 temporis,
611 2040 725 2142 posta
765 2036 836 2116 hac
883 2038 1128 2134 attradione,
1178 2042 1380 2119 admodum

354 2150 544 2268 probabile
567 2158 651 2253 fiet,
677 2184 823 2240 motum
839 2162 1031 2267 vertiginis
1053 2184 1194 2258 terrae,
1220 2162 1382 2244 vnacum

357 2311 468 2367 motu
486 2270 718 2391 'progreffiuo
745 2285 961 2383 accelerari,
985 2284 1061 2369 hoc
1086 2288 1159 2382 eli,
1183 2274 1223 2368 dc
1245 2288 1325 2369 dies
1345 2292 1384 2368 dr

358 2412 473 2493 annos
499 2412 576 2491 lieri
603 2410 805 2491 breuiores.

382 2726 385 2731 ,
442 2640 601 2746 'Qrodfi
622 2640 735 2746 igitur
760 2640 867 2733 semel
892 2636 1054 2720 euidum
1081 2641 1213 2740 suerit,
1243 2644 1384 2750 quanti·

360 2788 478 2846 tatem
502 2770 585 2843 anni
608 2794 673 2870 per
697 2768 968 2845 obseruationes
995 2760 1204 2847 'constanter
1230 2774 1386 2848 eandem

360 2917 554 2995 apparere:
582 2894 657 2969 dies
674 2893 749 2968 fieri
767 2892 912 2995 possunt
928 2895 1128 3001 breuiores⁴
1179 2895 1385 2974 Viciffimst

360 3014 587 3093 controrium
615 3014 850 3094 demonstrari
866 3013 973 3121 polstt
986 3067 1000 3110 ,
1041 3018 1382 3099 &obseruationes

360 3166 498 3219 annum
514 3142 805 3232 decrescentem,
831 3144 869 3219 h.
889 3167 921 3218 e.
941 3143 1056 3220 talem
1074 3143 1212 3235 sistant,
1235 3149 1301 3246 qui
1322 3146 1388 3222 mi·

360 3269 444 3344 nori
468 3266 616 3341 subinde
638 3265 810 3355 dierum,
837 3248 1033 3359 horarum,
1061 3269 1294 3345 minutorum
1315 3274 1384 3350 &n

359 3416 517 3470 numero
532 3389 758 3480 absoluatur,
781 3392 932 3466 euidens
957 3391 1026 3481 est,
1051 3393 1128 3468 dies
1144 3392 1295 3470 subinde
1311 3395 1387 3471 fieri

361 3519 572 3621 longiores,
615 3515 677 3593 vel
691 3535 836 3592 motum
852 3515 1043 3617 vertiginis
1060 3516 1253 3593 accelerari
1276 3516 1386 3619 polle.

465 3716 608 3792 Decifio
632 3716 744 3817 igitur
770 3714 988 3817 quaestionis
1022 3709 1183 3816 plenaria
1206 3714 1390 3818 dependet

367 3841 686 3918 aro-obseruatione
710 3862 835 3917 motus
859 3842 983 3915 annui.
1034 3841 1146 3916 Hunc
1177 3842 1277 3915 enim
1300 3864 1390 3915 non·

367 3970 457 4042 dum
486 3964 547 4039 sub
576 3964 735 4040 calculos
768 3964 850 4040 satis
883 3964 1030 4041 exafilru
1061 3967 1227 4061 reuocati
1272 3962 1391 4065 polle,

1308 4212 1394 4288 luna
