3059 5142
356 632 443 737 540
570 610 768 740 Relationes
787 611 841 707 δ’
860 605 1125 720 Obseranioms

349 805 468 888 nenda
493 805 719 897 fomantur,
745 776 881 902 figuras
902 773 1049 899 quoque
1075 803 1256 879 elaborari
1278 803 1357 901 pos·

349 923 400 1007 se.
479 927 549 1002 Sed
572 929 645 1001 boc
670 928 733 1005 etfi
755 928 1008 1024 compendium
1035 925 1181 1024 aliquod
1206 928 1355 1018 praebe

199 1077 201 1081 ·
351 1064 429 1144 ret,
455 1051 506 1131 de
524 1070 597 1144 quo
619 1051 689 1133 iam
714 1051 840 1144 agendi
865 1052 969 1131 locus
997 1048 1055 1125 hic
1079 1046 1253 1138 nonest,
1282 1068 1357 1126 non

349 1183 475 1249 tamen
499 1171 586 1278 esset
605 1168 717 1246 eodem
733 1168 906 1266 facilitate
932 1169 1062 1266 figrnas
1089 1158 1251 1262 conficere
1267 1178 1271 1185 '
1286 1191 1360 1271 qun

351 1295 553 1369 litterarum
574 1296 751 1374 elementa
764 1295 1024 1390 imprimuntur.
1111 1291 1358 1395 Diagremma·

349 1427 397 1523 ta,
410 1417 507 1513 ligno
521 1417 699 1498 mediante
714 1413 961 1510 expreffaleffe
979 1413 1102 1495 idonei
1115 1413 1256 1492 ludices
1273 1435 1356 1517 pro

349 1539 569 1620 nunciarunt
592 1540 654 1615 etfi
683 1524 820 1619 litteras
842 1541 936 1617 intra
953 1537 1025 1637 ipsa
1046 1535 1150 1635 saepe
1175 1535 1359 1618 schemata

349 1661 598 1755 reperiundae,
620 1660 765 1752 reliquis
786 1661 914 1741 ssmiles
930 1658 1000 1742 effa
1014 1660 1242 1761 agnouerint.
1297 1658 1358 1753 An

348 1782 444 1863 adeo
474 1803 613 1863 nouum
645 1797 741 1879 tune,
764 1781 836 1860 fuir
864 1783 1052 1866 Schemate
1079 1781 1200 1861 tertul
1228 1760 1358 1858 debito

347 1904 436 1985 loco
468 1903 649 1983 adiiceret
688 1902 801 2000 Igitur
831 1905 931 1999 quod
957 1907 996 1986 in
1020 1906 1110 1984 haec
1130 1897 1357 2005 ⁴,typographi

212 2022 218 2029 ’
347 2026 464 2115 verba
489 2041 713 2110 commences
741 2026 831 2105 nihil
858 2027 1008 2122 habeo,
1038 2016 1226 2106 relicinus
1264 2026 1358 2108 hane

345 2165 496 2240 operam
522 2152 598 2225 aliis
625 2172 684 2235 me
716 2151 826 2246 magis
853 2150 892 2228 in
915 2149 1176 2248 typographiae
1207 2148 1357 2228 historia
1391 2248 1398 2273 ἱ

348 2268 509 2353 versatis.
535 2273 607 2357 Sed
621 2273 745 2354 eadem
759 2275 1126 2355 verbarrommus
1152 2269 1356 2374 quoque&

230 2380 233 2387 ⁴
333 2410 672 2489 ,mnrrrnrarus
699 2394 946 2488 adduxerunt,
970 2397 1069 2476 nulla
1090 2408 1357 2476 tameneorun

212 2562 215 2567 ·
346 2516 587 2621 explicatione
602 2519 730 2602 addita·
756 2517 1353 2605 Haecee1,·nn.mrsrrrrus.

470 2741 598 2827 Liceat
615 2743 774 2821 nostram
794 2747 864 2827 iam
878 2745 941 2818 vel
960 2743 1169 2819 sententiam
1190 2746 1259 2814 vel
1275 2763 1357 2816 con·

347 2865 518 2944 ieiluram
542 2871 801 2959 pronunciare3
833 2867 906 2945 hoc
930 2870 1025 2951 enim
1044 2865 1266 2972 spicilegium
1283 2885 1357 2944 no·

347 2987 403 3063 bis
437 2986 599 3073 reliiium
635 2992 678 3073 ab
713 2992 818 3067 initio
855 2989 1122 3068 Schediasmacis
1156 2988 1355 3064 innuimus.

185 3166 190 3173 .
346 3110 530 3192 Videntur
550 3113 656 3203 mibi,
684 3115 746 3211 qui
771 3114 809 3192 in
839 3105 1055 3214 explicandis
1084 3113 1195 3206 paulo
1226 3108 1355 3182 obscu-

347 3235 504 3310 rioribus
533 3233 772 3315 Praefationis
802 3233 924 3330 supina
963 3232 1104 3329 prorsus
1135 3233 1359 3331 negligentia

347 3355 562 3453 perscriptae
586 3359 706 3440 verbis
735 3380 776 3438 ae
804 3357 986 3435 sententiis
1015 3354 1143 3433 frustra
1166 3352 1202 3427 iis
1234 3357 1357 3431 elabo

347 3478 437 3562 naiso
461 3493 659 3578 queruntur
676 3480 758 3561 Viri
787 3479 1080 3582 perspicacissimi,
1102 3477 1292 3572 ingenium
1309 3476 1361 3553 Bi

351 3601 536 3694 bliopolae
564 3602 656 3681 infra
688 3602 972 3685 mediocritatem
999 3600 1177 3678 subsidens
1208 3621 1257 3672 ex
1288 3620 1360 3671 mo

349 3721 438 3800 dulo
462 3722 514 3797 sui
537 3727 669 3823 ingenii
692 3727 800 3823 longe
827 3726 1017 3805 nobilioris
1042 3747 1084 3803 ac
1107 3721 1358 3824 profundioris

350 3847 496 3939 metiri,
542 3860 649 3942 atque
707 3851 756 3930 ob
801 3848 894 3931 hanc
934 3847 1099 3938 causum,
1143 3843 1361 3926 difficultati·

348 3968 418 4043 bus
442 3971 479 4043 in
500 3985 604 4053 textu
636 3993 725 4044 vere
751 3994 829 4048 non
856 3975 975 4047 obuiis
1006 3973 1153 4046 nimium
1182 3980 1360 4060 quantum

308 4079 312 4086 ’
352 4091 525 4186 impediri.
614 4094 744 4187 Multis
760 4094 834 4177 hoe
848 4095 1104 4191 interpretibus
1118 4091 1285 4166 sblemne
1300 4086 1362 4193 nib¹

1281 4233 1359 4305 (111¹,
