3059 5142
336 398 342 407 ‘
360 396 371 425 l

343 593 398 684 88
464 568 637 666 Gmelilzi
651 577 788 665 Oratio
800 577 1022 672 deAnimae
1032 580 1227 672 humanae

390 860 393 867 ¹
439 777 614 870 Quantae
650 774 760 872 igitur
793 774 921 848 ex'bis
944 774 1179 873 paucis-non
1210 772 1359 853 elucent

342 899 545 983 tenebrae,
582 906 679 994 quae·
700 895 865 996 profeiio
889 898 1162 1000 veritatumde
1184 895 1249 970 vsu
1278 921 1360 997 par·

342 1023 438 1095 tium
462 1021 682 1118 primarum,
716 1022 954 1095 axiomatum·
969 1018 1087 1093 forma
1110 1020 1267 1093 incautis
1293 1019 1360 1093 im·

342 1145 579 1245 ponentium,
604 1142 761 1219 summas
787 1142 862 1218 talo
891 1144 973 1223 satis
999 1144 1118 1223 adhuc
1145 1140 1269 1217 infimo
1294 1140 1362 1215 sta·

342 1291 385 1343 re
418 1265 605 1349 manifesto
639 1267 824 1347 edocenti
860 1266 1002 1342 Tamen
1034 1267 1126 1339 haec
1153 1265 1363 1339 Medicinae

322 1398 447 1493 pars,
490 1413 583 1490 quae
603 1389 843 1491 ,Phyfiologia
874 1391 1033 1476 dicitur,
1075 1388 1126 1471 est.
1149 1390 1363 1487 primarium

344 1512 627 1625 fundamentum
652 1513 874 1614 reliquarum
895 1515 972 1593 eius
997 1513 1162 1587 omnium
1187 1513 1382 1610 partium,

333 1639 385 1727 ,in
412 1638 563 1737 quibuS,
591 1661 685 1736 quae
710 1639 795 1715 addi
820 1638 906 1710 huic
928 1660 1024 1710 noua
1049 1637 1201 1718 debent,
1225 1659 1364 1711 nouam

347 1763 517 1863 aperiunt
542 1760 739 1845 dubiorum
761 1760 919 1833 scenam.
946 1762 1097 1856 Quanta
1120 1760 1237 1847 enim,
1253 1784 1366 1858 quae-

348 1883 410 1977 so,
442 1908 518 1959 non
542 1882 896 1985 obscuritas'regnat
918 1885 956 1958 in
989 1883 1272 1966 determinandis
1298 1907 1365 1982 per

895 1992 897 1999 ’
1233 2029 1363 2085 omnes

409 2130 437 2171 ,ι

428 2221 509 2281 acad.
519 2221 620 2287 scient,
635 2222 725 2283 Paris.
746 2223 821 2306 Quis
840 2223 961 2288 eandem
970 2221 1078 2282 subitae
1086 2222 1188 2280 mortis
1200 2221 1365 2302 agnoscat&

426 2325 519 2402 priori
537 2325 670 2393 caulam,
690 2328 790 2401 prouti
810 2344 907 2388 tamen
929 2325 1028 2386 multis
1051 2322 1250 2383 demonstrant
1266 2342 1364 2384 exem·

384 2456 386 2460 ·
416 2426 700 2506 'plisrvtnrva
730 2443 980 2497 werrarrvs,
1009 2438 1203 2489 aonrrvs
1232 2424 1265 2488 dt
1290 2424 1365 2490 alii?

426 2531 492 2613 quis
505 2529 667 2609 effeduum
676 2529 785 2592 horum
800 2554 868 2595 cum
888 2533 945 2592 luis
958 2528 1045 2591 caufis
1057 2528 1187 2591 ostendat
1205 2528 1364 2589 connexio·
1396 2534 1399 2545 “

425 2651 511 2699 nem,
531 2652 599 2691 cum
618 2631 800 2708 departihus
815 2633 966 2711 encephali
983 2632 1164 2693 nobiliffimis
1183 2632 1269 2692 etiarn
1290 2631 1366 2695 adeo

401 2770 402 2774 =
426 2733 516 2793 dubia
532 2731 565 2792 fit
581 2734 616 2794 ad
635 2735 726 2797 vitarn
746 2758 778 2798 ac
793 2738 940 2797 sanitatem
959 2751 1009 2797 aut
1027 2734 1192 2802 necellitas,
1218 2750 1268 2794 aut
1285 2733 1365 2794 vtili·

426 2832 489 2897 tas?
513 2836 587 2916 Quis
604 2836 701 2913 pofitis
728 2839 781 2907 iis,
808 2858 881 2918 quae
906 2839 942 2899 de
972 2837 1017 2897 his
1038 2836 1086 2899 vel
1115 2837 1219 2914 optimi
1244 2836 1366 2898 tradunt

424 2935 606 3020 physiologi,
627 2937 709 3000 facile
729 2941 875 3021 intelligat
883 2941 1051 3019 exemplum
1063 2940 1252 3017 apoplexiae,
1272 2959 1364 3018 quam

425 3039 560 3100 describit
581 3055 828 3111 WEPFERvs,
856 3044 920 3122 poll
942 3043 1098 3103 duodecim
1118 3042 1233 3103 letalem
1254 3039 1365 3111 horas,

424 3141 478 3200 vbi
495 3142 608 3205 distillo
625 3145 716 3220 capite
737 3148 928 3223 nequeoffis,
950 3165 1046 3224 neque
1058 3146 1252 3230 meningum‚
1266 3165 1365 3231 neque

327 3263 332 3275 ¹
422 3243 596 3306 substantiae
610 3247 721 3307 cerebri
729 3247 890 3326 quidquam
903 3247 960 3309 fuit
967 3248 1085 3339 laesum,
1095 3247 1237 3307 sederuor
1247 3265 1365 3310 tantum

423 3341 553 3406 duorum
564 3346 757 3409 cochlearium
765 3352 924 3417 mensurae
933 3351 1070 3427 disruptis
1082 3351 1269 3413 interioribus
1278 3353 1364 3419 venis

421 3444 455 3504 in
468 3450 579 3508 cerebri
604 3450 662 3512 balr
681 3452 862 3529 procubuit?
891 3456 956 3534 quis
974 3440 1081 3517 enodet
1098 3467 1243 3520 Tvffll
1275 3452 1364 3513 histo·

421 3546 496 3608 riam
514 3553 682 3628 apoplexiae
697 3574 714 3614 a
730 3552 824 3615 fralio'
841 3554 1015 3653 euneiformi
1028 3555 1102 3635 offe,
1117 3575 1152 3653 ¹ac
1172 3556 1313 3636 languine
1329 3557 1364 3618 in

419 3651 512 3711 cranii
532 3652 589 3712 basi
605 3655 751 3720 collecto?
779 3658 853 3735 Quis
875 3659 940 3718 lieri
961 3657 1040 3734 polle
1061 3658 1234 3726 arbitretur,
1259 3677 1293 3718 vt
1317 3678 1364 3719 ce·

418 3749 507 3813 rebro
531 3750 698 3819 lamellatim
720 3758 836 3819 exsciffo
851 3780 904 3837 per
916 3759 1020 3820 horam
1037 3759 1220 3822 viuatadhuc
1235 3761 1363 3829 animal,
1385 3825 1389 3844 Ι

418 3855 462 3913 vri
495 3860 731 3934 experimentum
761 3881 871 3922 ecane
906 3862 993 3923 habet
1029 3858 1366 3951 1³1÷RRAVLT1VS3¹

417 3957 482 4032 quir
499 3959 626 4019 eundem
644 3963 737 4040 speret
756 3963 892 4024 effectum
914 3985 929 4024 e
944 3965 1073 4026 medulla
1088 3968 1240 4045 vrriusque
1253 3965 1363 4025 hemia·

415 4055 512 4134 pherii
543 4061 691 4133 diffracta,
736 4066 780 4124 vti
811 4068 914 4135 multis
949 4069 1154 4146 experimentis
1181 4068 1363 4134 demonstrat

414 4169 564 4223 aaran.
594 4180 722 4229 1<an
744 4156 999 4240 noare‘rravai
1025 4170 1130 4253 Qu'd,
1161 4178 1292 4253 quaero,
1315 4192 1359 4232 re-

659 4276 662 4284 '
1265 4275 1356 4358 spon·
