3059 5142
341 604 426 721 338
645 598 851 719 Koeflnrri
879 599 1069 717 Eiogirmt'

436 795 545 875 Nasci
569 796 769 909 Mayerum
805 778 929 890 vidit,
958 799 1107 877 ··eadem
1134 795 1364 879 Germaniae

335 922 458 1026 regio,
485 921 545 997 cui
570 944 656 997 cum
681 941 742 999 tot
763 924 906 1023 magnis
939 924 1113 1025 ingeniis,
1149 920 1357 1024 Keplerum

313 1062 318 1075 “
339 1046 536 1133 debemus,
560 1047 897 1151 wurembergia,
924 1070 1020 1122 anno
1052 1042 1224 1122 vicelimo
1248 1049 1363 1127 tertio

256 1232 259 1237 .
334 1170 446 1275 larius
470 1168 601 1246 saeculi
626 1171 662 1257 d.
698 1194 755 1270 ¹7.
786 1172 886 1249 Febr.
920 1172 959 1246 io
985 1170 1154 1270 Marpaci
1191 1170 1355 1273 oppido,

334 1288 440 1394 patre
463 1292 612 1371 honesto
638 1296 741 1385 ciue,
774 1297 838 1397 qui
863 1296 912 1372 ob
938 1290 1152 1396 singularem
1177 1310 1357 1393 aquarum

336 1408 586 1512 ducendarum
612 1418 802 1520 peritiam,
829 1419 914 1495 inde
929 1416 1112 1519 Esliogam
1127 1439 1222 1515 quae
1238 1417 1359 1520 impe-

301 1636 305 1640 1
331 1538 376 1615 rii
407 1542 493 1616 vrbs
528 1540 579 1619 est
605 1539 925 1632 ·euocatu's·‚·‘rei·
943 1541 1113 1642 aquariae
1149 1539 1355 1641 praeferas

331 1665 435 1741 obiit.
489 1668 604 1767 Igitur
618 1667 822 1771 ingenitum
844 1666 1030 1769 quoddam
1047 1662 1171 1740 nostro
1193 1663 1357 1743 studium

329 1788 500 1881 videtur,
527 1790 698 1868 'scientiae
722 1789 818 1868 illius
838 1791 1047 1894 quae'v'irea
1063 1806 1260 1889 motusque
1276 1800 1355 1869 nra·

329 1912 441 2003 titur,
469 1917 516 1989 ad
540 1914 625 1992 rsus
650 1916 835 1991 humanos
851 1911 1146 2002 transferendae,
1171 1913 1353 2015 diagrar'n

329 2056 429 2112 mara
452 2036 553 2116 certe
574 2038 708 2142 priris,
734 2037 775 2114 δι
796 2038 1050 2112 machinarum
1076 2034 1351 2137 descriptiones,

326 2158 505 2263 pingendi
534 2164 703 2240 ardorem
736 2162 775 2237 in
805 2162 998 2262 quadrimo
1031 2160 1228 2250 errciraffc,¹
1270 2158 1352 2260 post

248 2367 251 2371 .
327 2282 432 2360 illum
458 2286 520 2362 hic
545 2308 621 2362 non
645 2285 818 2362 referrem
825 2283 924 2374 ,anili
950 2285 1037 2358 hinc
1061 2281 1348 2384 intelligerem,

326 2408 536 2511 quomodo,
558 2407 673 2486 oculo
690 2430 884 2509 manuque
897 2406 983 2483 inde
1007 2408 1053 2483 ab
1078 2405 1231 2483 infantia
1244 2422 1349 2487 exer·

325 2533 469 2624 citatis,
509 2532 610 2610 illam
650 2532 939 2610 delineatiouum
969 2532 1261 2607 adomaodanrm
1293 2532 1349 2607 fa·

323 2655 501 2733 cultatem
526 2655 772 2759 consequutus
799 2654 861 2746 fit,
887 2680 961 2756 qua
983 2656 1099 2733 rarius
1131 2653 1345 2757 profundio-

314 2802 382 2857 res
403 2781 657 2859 mathematici
676 2778 922 2882 celebrantur.
1376 2763 1379 2768 ’

419 2891 528 2980 Tunc
551 2918 638 2980 'cum
663 2902 727 2981 rllo
751 2904 925 3004 pingendi
949 2902 1066 2980 studio
1097 2901 1215 2983 inians
1239 2919 1344 2980 tene·

319 3044 448 3119 retur,
484 3026 626 3108 Christi
657 3029 758 3106 cruci
781 3026 892 3104 adfixi
922 3028 1120 3130 imaginem
1155 3026 1253 3103 forte
1278 3025 1342 3103 fibi

317 3148 501 3245 oblatam,
529 3152 713 3233 tentando
737 3148 841 3256 saepe
868 3174 970 3244 reru,
1001 3176 1050 3230 ac
1074 3144 1338 3255 periclitando,

542 3312 545 3317 ·
1186 3275 1340 3352 madere

383 3472 424 3516 ex
444 3453 566 3524 nostris,
593 3475 683 3538 quam
701 3473 871 3521 exterorum
890 3452 989 3518 verbis
1006 3469 1154 3534 appareat.
1198 3451 1243 3515 Ita
1259 3470 1335 3514 vero

389 3555 452 3631 Cel.
470 3552 753 3626 &ariamiro
769 3554 935 3639 praefatur:
955 3555 1231 3640 „InElogioqood
1250 3572 1333 3636 opta·

344 3685 349 3693 ’
387 3661 488 3732 „barn
504 3654 683 3747 vt'dlg'trum
711 3656 781 3725 effer
795 3663 921 3742 Mryero
942 3659 975 3726 ὰ
995 3660 1199 3729 auditoribus,
1230 3658 1333 3729 locum

388 3762 487 3835 „dare
495 3768 640 3830 nolebam
654 3766 788 3829 minutae
803 3784 969 3836 annorum,
993 3765 1130 3839 dierum,
1158 3763 1348 3831 romaum„

384 3887 473 3948 „que
489 3869 782 3940 commemorationi,
804 3866 836 3931 ἃ
850 3869 930 3940 aliia,
947 3888 1024 3948 quae
1044 3866 1165 3931 sollicite
1182 3862 1333 3946 ronquifi·

325 4024 329 4033 .
386 3987 499 4041 „turus
513 3970 597 4040 effer,
618 3971 650 4035 &
660 3970 804 4051 prolixius
822 3975 914 4055 quam
925 3974 973 4034 vel
988 3970 1050 4052 ipsa
1057 3972 1118 4034 eius
1126 3989 1215 4052 quem
1228 3968 1331 4031 lauda·

381 4092 455 4146 „ret
465 4074 586 4134 inuenta
595 4072 796 4153 expositurus,
815 4075 918 4156 aliquis
933 4094 969 4139 ex
980 4094 1106 4139 numero
1119 4073 1328 4142 litteratorum,

383 4170 512 4247 „omnia
530 4174 568 4237 de
580 4176 722 4249 eruditis,
741 4170 947 4262 praeterquam
966 4193 1092 4259 eaquae
1116 4177 1154 4243 aal
1183 4174 1326 4239 eruditio·

1221 4300 1321 4359 ernesti
