3059 5142
225 550 231 563 ⁸
337 589 424 686 312¹
497 560 666 655 Saluuii
694 562 966 676 Progrumma
983 558 1028 663 rie
1048 557 1182 651 Tituli

335 762 587 865 quaestionem
610 759 718 862 plene
742 758 992 840 resolvendam
1016 777 1054 835 et
1084 755 1359 858 intelligendam

333 912 453 989 aeque
475 885 618 977 facere,
648 886 749 961 haud
772 881 969 960 difficulter
990 880 1234 983 perspicietur.
1310 886 1358 959 Et

283 1092 286 1099 ,
334 1036 380 1089 ao
404 1012 557 1113 quidem
579 1031 733 1083 numero
767 1008 974 1083 habendam
1007 1028 1180 1104 putamus
1210 1003 1359 1081 Illustris

333 1135 419 1212 viri
436 1134 524 1209 DN.
550 1132 802 1209 IOHANNIS
828 1131 968 1206 PETRI
993 1131 1057 1205 DE
1083 1130 1357 1217 LVDEWIG,

331 1253 679 1357 'Archiepiscopatus
711 1252 1035 1355 Magdeburgenfis
1066 1275 1105 1328 et
1132 1252 1357 1329 Academiae

331 1379 594 1457 Fridericianae
625 1379 812 1478 quondam
826 1376 1084 1474 ¹Cancellarii,
1127 1376 1366 1465 sententiam.

333 1504 398 1605 qui
418 1505 514 1579 hanc
534 1500 645 1604 ipsam
668 1500 915 1601 quaestionem
940 1501 1080 1588 mouit,
1122 1501 1168 1574 ad
1197 1490 1356 1599 eamque

331 1626 542 1728 respondit,
567 1621 646 1700 fieri
663 1626 763 1699 haud
779 1624 946 1725 potuisse,
973 1624 1170 1723 vtlmperii
1186 1625 1355 1699 Romano

335 1749 550 1827 Germanici
567 1746 753 1849 Principes
770 1748 967 1827 Restorum
980 1745 1284 1837 Academicorum
1300 1745 1357 1819 iu·

194 1866 197 1872 ’
331 1869 533 1949 risdidiioni
549 1869 618 1945 sese
634 1869 906 1948 submitterent:
939 1886 1050 1971 atque
1064 1893 1110 1943 ex
1125 1870 1194 1944 hac
1212 1869 1356 1945 ratione

332 2018 421 2073 cum
447 1992 684 2071 nihilominus
706 2019 753 2069 ex
772 2021 811 2070 re
833 1994 992 2096 ipsorum
1014 1992 1120 2082 esset,
1150 2006 1195 2069 vt
1217 1992 1355 2069 Acade-

331 2098 426 2196 mias
442 2119 609 2209 adirent,
635 2119 708 2194 hoc
730 2119 986 2220 excogitatum
1010 2115 1112 2192 fuisse
1135 2116 1354 2205 remedium,

332 2263 379 2321 vt
392 2242 454 2343 ipsr
470 2239 642 2316 lectiores
657 2262 886 2333 crearentur,
915 2260 1026 2343 atque
1049 2241 1093 2316 fic
1108 2239 1188 2341 ipfis
1205 2259 1287 2316 tota
1304 2242 1356 2318 ci·

332 2362 433 2442 uitas*
465 2365 672 2439 academica
703 2364 948 2442 subiiceretur.
1027 2364 1355 2464 Qtemadmodum

332 2512 426 2566 vero
443 2489 539 2564 hanc
553 2488 765 2563 sententiam
783 2488 939 2564 nostram
955 2514 1028 2565 non
1044 2489 1217 2578 facimus,
1244 2486 1355 2562 aliam

330 2611 458 2719 postea
483 2610 629 2686 allaturi
656 2612 859 2702 rationem,
900 2639 993 2715 quae
1011 2635 1049 2688 et
1064 2613 1172 2713 longe
1192 2609 1241 2684 est
1267 2634 1355 2684 con·

333 2735 563 2821 venientior,
590 2752 630 2806 et
644 2730 706 2806 sua
721 2734 754 2807 se
768 2738 879 2809 etiam
896 2734 1061 2811 claritate
1077 2734 1195 2811 statim
1212 2735 1248 2807 in
1265 2759 1356 2813 ocu·

218 2880 225 2891 '
332 2858 390 2936 los
407 2859 616 2931 incurrente
633 2861 888 2933 commendat:
906 2859 959 2933 ita
975 2880 1095 2935 tamen
1107 2880 1238 2959 negare
1253 2856 1354 2929 haud

333 2978 547 3084 possumus,
587 2978 835 3081 ampliffimam
872 2982 1012 3083 semper
1053 2984 1202 3058 omnino
1250 2977 1354 3053 fuisse

237 3197 241 3211 Ι
333 3103 465 3178 summi
489 3104 527 3177 in
552 3105 748 3179 academiis
769 3106 997 3208 magistratus
1020 3105 1255 3206 potestatem,
1282 3106 1353 3179 Re·

333 3225 582 3328 &oralemque
601 3228 818 3329 dignitatem
837 3226 1177 3330 Augustilfimorum
1195 3229 1354 3326 Impera-

333 3370 459 3426 torum
482 3353 696 3451 Regumque
722 3353 899 3428 beneficio
931 3356 1073 3453 prorsus
1116 3349 1352 3450 fingularibus

335 3473 478 3550 audiam
495 3493 734 3576 ornatamque
749 3475 850 3551 fuisse
867 3477 1150 3578 praerogatiuis,
1179 3496 1291 3573 atque
1305 3477 1352 3549 ad

336 3620 421 3673 eum
437 3593 601 3671 caedam
615 3600 783 3698 gradum,
807 3623 880 3697 quo
897 3602 1004 3700 pauci
1020 3602 1153 3675 dantur
1168 3597 1353 3677 sublimio·

332 3744 405 3797 res.
454 3721 636 3819 Qtamuis
651 3722 745 3795 enim
764 3724 874 3799 huius
890 3726 1077 3824 dignitatis
1092 3724 1198 3798 initia
1220 3741 1259 3797 et
1281 3726 1352 3801 ori·

334 3844 437 3946 gines
460 3837 714 3917 remotillimae
741 3849 967 3944 antiquitatis
999 3849 1157 3922 tenebris
1179 3845 1351 3921 obuelen·

334 3986 415 4056 tur,
442 3967 494 4041 ita
510 3987 552 4041 vt
568 3988 641 4038 non
658 3968 750 4041 adeo
766 3969 871 4044 facile
887 3970 939 4060 fit,
965 3969 1114 4044 definite
1124 4019 1136 4058 ,
1160 3996 1206 4044 an
1223 3971 1268 4044 ab
1284 3974 1352 4046 ini·

334 4089 387 4165 tio
403 4086 534 4179 statim,
560 4112 607 4163 an
623 4113 711 4169 vero
728 4096 902 4193 temporis
918 4094 1100 4195 progreliu
1118 4096 1270 4172 demum
1287 4096 1350 4169 tri·

1265 4221 1354 4297 buta
