3059 5142
398 562 620 667 Memoris
649 566 918 695 Mastouiana.
1077 592 1079 597 '
1119 608 1205 700 377
1338 640 1343 649 ·

182 768 362 876 elegans,
410 794 480 851 nec
526 776 647 848 minus
704 770 834 850 leniter
877 768 1013 849 labens
1079 776 1205 853 Habe-
1302 802 1307 820 ·

181 895 244 971 bat
266 899 365 972 enim
393 884 609 974 acerrimum
631 897 807 973 iuditium
823 899 985 1029 aurium:
1015 894 1203 977 sentiebat·

180 1042 255 1120 que
278 1021 463 1109 celeriter,
489 1016 624 1120 fiquid
652 1019 792 1107 hiaret,
818 1018 884 1095 aut
907 1020 1093 1121 asperum,
1136 1042 1202 1101 aut

181 1164 315 1243 parum
347 1142 511 1221 absolute
543 1139 684 1225 didlum
714 1139 813 1219 esset.
862 1144 908 1217 Et
930 1145 1174 1222 adhibebat-'⁸
1162 1172 1201 1225 m

180 1264 370 1343 eonsilium
400 1268 538 1368 peritos
569 1262 736 1367 linguae,
783 1266 923 1369 quibus
946 1266 1007 1343 sua
1046 1266 1202 1370 legenda
1329 1264 1337 1271 ’

181 1374 364 1480 trsrieret',
387 1388 614 1491 vt=ipsorum
639 1389 774 1487 iudicia
805 1390 1060 1491 cognosceret,
1094 1396 1202 1472 nihil·

180 1537 254 1615 que
286 1510 459 1588 libentius
491 1514 682 1599 audiebat,
721 1511 882 1612 quamsi
916 1514 996 1613 quis
1034 1518 1123 1618 quid
1149 1520 1203 1594 af·

181 1638 315 1725 ferret,
339 1639 440 1736 quod
463 1636 664 1737 elegantius
689 1637 728 1712 dr
760 1636 881 1737 aptius
919 1635 1015 1714 esset.
1083 1644 1200 1740 Qod
1286 1712 1323 1755 ¹.
1375 1628 1380 1645 ⁸

180 1764 273 1838 lecit
308 1759 493 1859 inprimis,
528 1782 615 1835 cum
640 1759 850 1858 opusillud
878 1759 1112 1853 renodaret,
1150 1765 1199 1858 se·
1249 1800 1253 1808 ·

181 1885 326 1960 eundae
351 1881 522 1957 editionis
544 1879 674 1959 osolla.
736 1885 866 1983 ltaque
894 1888 1114 1983 cameriam
1140 1914 1199 1965 ca·

182 2006 406 2109 stigatiorem
419 2006 541 2081 verbis
567 2002 810 2106 intelligentes
836 2010 1091 2108 cognouerint.
1121 2015 1200 2088 No.

182 2131 238 2208 bis
263 2131 374 2205 edam
400 2126 575 2203 modestia
598 2128 680 2217 illa,
707 2128 816 2227 plane
843 2130 1026 2228 antiquae
1058 2132 1201 2233 elegan-

181 2250 285 2337 tiae,
331 2249 483 2327 mirifice
499 2249 657 2350 placet,
699 2252 801 2350 quod
830 2251 1016 2327 interdum
1042 2256 1130 2330 iacit
1155 2277 1200 2333 ac

183 2398 301 2477 paene
327 2373 452 2450 abiicit
476 2373 689 2464 sententias,
715 2398 871 2476 quarum
887 2375 1029 2450 viscum
1044 2376 1200 2455 aliorum

183 2499 330 2575 sanitas
358 2519 432 2571 non
457 2493 656 2598 effugerit,
694 2499 733 2572 dt
758 2497 908 2598 attingit
932 2501 1067 2589 modo,
1106 2489 1202 2603 quae

181 2620 298 2698 iustae
341 2619 593 2721 disputationis
623 2620 671 2696 dc
710 2618 945 2696 ostentandae
983 2626 1202 2702 eruditionis

183 2746 375 2820 materiam
399 2742 538 2846 largam
564 2741 642 2819 aliis
656 2744 884 2844 praeberent.
921 2748 1131 2842 'Quaedam
1147 2768 1200 2835 ta·¹

182 2892 270 2943 men
294 2867 416 2944 voluit
448 2867 487 2941 in
519 2864 590 2943 fine
614 2868 734 2967 operis
743 2918 751 2935 .-
774 2863 884 2941 latius
917 2866 962 2943 &1
993 2873 1203 2970 exquisitius

184 2988 382 3067 disserere:
420 3011 515 3087 quae
546 2991 659 3063 etiam
691 2986 822 3086 scripta
842 2985 1027 3087 reliquit,
1064 2995 1202 3099 suoque

184 3134 352 3216 tempore
377 3116 415 3186 in
440 3110 561 3201 lucem
585 3104 828 3209 proferentur.

289 3240 392 3312 Haec
418 3253 521 3311 tants
552 3254 704 3333 tamque
727 3229 874 3332 elegans
899 3232 1063 3310 doditina
1093 3234 1202 3330 fecit,

183 3380 230 3442 vt
255 3359 360 3461 saepe
384 3356 577 3432 luculentis
603 3355 875 3430 conditionibus
890 3373 893 3381 ·
906 3358 1124 3436 inuitaretut
1154 3363 1203 3437 ad

175 3485 401 3561 'mutandam
427 3480 659 3556 fortunarum
685 3480 814 3555 sedem.
866 3480 937 3555 Sed
951 3483 1107 3583 Lipfiam
1132 3510 1202 3562 no·

186 3606 295 3683 stram
321 3605 527 3701 relinquere
543 3626 617 3677 non
631 3600 840 3691 sustinebat,
865 3605 1073 3703 praesertim
1090 3632 1202 3709 quam

188 3728 360 3806 aduersus
386 3726 420 3802 se
443 3727 595 3801 minime
616 3727 797 3828 ingratam
819 3726 1002 3803 baberet,
1034 3732 1117 3807 Nec
1135 3735 1204 3808 mi·

187 3874 258 3928 uus
284 3849 474 3925 colebatur
498 3850 542 3923 ab
568 3851 760 3942 omnibus,
803 3851 867 3949 qui
898 3851 1034 3952 vspiam
1068 3854 1202 3949 essent,

188 3970 413 4053 eruditiss
364 3996 433 4048 mrs
452 3973 566 4060 viris,
593 3974 728 4087 quique
743 3960 874 4066 literas
898 3976 1073 4076 exquisite
1096 3977 1206 4054 calle·

190 4117 294 4173 rent.
335 4099 456 4173 Nemo
482 4093 602 4172 nostra
625 4114 747 4171 aetate
761 4093 893 4173 clarior
909 4096 1032 4199 paullo
1055 4101 1113 4177 vlt
1127 4124 1206 4180 me.

192 4233 689 4319 mammosam
800 4218 881 4308 db
1070 4233 1210 4321 moral
1248 4208 1251 4223 '
