3059 5142
433 557 650 673 Meritoria
667 558 938 697 Mrrscouiana
1109 582 1193 698 '361

171 780 290 864 sensus
315 782 425 863 alltur
446 798 558 880 atque
583 778 750 862 acuitur,
768 770 824 846 &
856 766 929 884 ipsa
949 764 1164 872 elegantia·
1153 800 1192 853 ιιι

171 906 391 993 iudicando,
416 898 454 979 ln
478 897 619 977 delent
641 900 784 984 tetum,¹
811 897 849 969 in
873 877 1028 968 dicendo
1052 920 1096 972 ac
1113 898 1193 977 scri·

174 1032 318 1118 beodo,
341 1038 503 1129 paratur.
554 1022 691 1097 lisdem
716 1034 839 1119 porro
856 1012 1096 1092 discendis&
1056 1017 1205 1100 ὅςκαὶ,

175 1155 250 1229 dne
274 1149 508 1227 exercendis
517 1150 604 1221 eum
630 1134 892 1242 adoleuisset,
905 1139 1115 1235 accesserat,
1156 1149 1196 1224 id

175 1277 283 1377 quod
302 1273 352 1350 est
375 1273 421 1349 ad
446 1270 687 1371 elegantiam,
718 1267 830 1341 etiam
861 1266 1029 1369 ingenii,
1061 1280 1198 1370 augen-

168 1397 263 1477 dam
288 1389 595 1480 eslleacislimum,
605 1388 706 1465 vste
731 1391 769 1466 &
793 1390 1020 1465 consuetudo
1040 1386 1196 1472 summo·

172 1549 261 1604 rum
286 1510 708 1623 elegantlffimotumque
740 1512 935 1587 hominum
967 1510 1068 1586 domi
1096 1513 1200 1595 foris·

176 1675 277 1752 que,
301 1649 339 1720 in
364 1666 437 1744 qua
458 1635 571 1717 etiam
594 1631 805 1725 consenuit,
832 1638 990 1736 denique
1021 1636 1115 1714 attio
1145 1642 1201 1716 vi·

176 1795 264 1859 tae,
289 1782 470 1866 occupata
493 1762 531 1836 in
559 1756 771 1863 republica
794 1761 984 1864 gerenda,
1009 1762 1201 1864 perquam

179 1891 375 1996 prudentia
400 1887 565 1975 acuitur,
591 1890 696 1963 cuius
721 1882 818 1961 felici
842 1886 1070 1989 contagione
1089 1888 1203 1966 etiarn
1234 1912 1246 1953 τ

179 2018 243 2094 illa
263 2016 321 2092 vis
338 2013 495 2113 ingenii,
522 2011 569 2086 de
584 2032 656 2111 qua
680 2012 858 2100 dicimuS,
882 2010 1064 2111 adficitur.
1116 2010 1205 2091 Erat

182 2158 309 2217 autem
338 2137 375 2209 in·
400 2135 590 2222 omnibus,
615 2156 709 2232 quae
730 2130 870 2210 diceret
884 2140 1064 2226 maxime,
1084 2136 1203 2239 ¹quae·

184 2284 258 2362 que
276 2257 480 2346 scriberet,
506 2274 610 2330 tanta
633 2280 721 2332 cura
750 2254 969 2357 elegantiae,
995 2250 1138 2352 vetor,
1162 2262 1201 2341 h.

185 2411 218 2462 e.
243 2381 296 2457 illi·
325 2378 435 2455 sensui
463 2376 525 2451 suo
556 2378 883 2472 nasatisfaceret,
924 2388 963 2461 δι
989 2407 1115 2464 tamen
1142 2387 1205 2462 ab.

187 2505 277 2586 esset
302 2508 348 2583 ab
368 2478 781 2623 adsessationemlllllla
802 2505 841 2578 ἃ
863 2507 996 2584 inutili.
1044 2509 1142 2585 Nam
1158 2504 1207 2585 ad

193 2654 323 2711 veram
344 2648 512 2701 normam
544 2618 668 2697 omnia
697 2626 852 2726 dirigent
873 2628 1074 2721 didicerat,¹
1103 2632 1208 2707 cuius

192 2749 464 2836 conseruandae
486 2744 585 2822 nulla
604 2746 717 2820 nimia·-
738 2746 810 2825 esse
832 2772 898 2829 aut
919 2757 1029 2831 noxia
1058 2754 1212 2856 diligen-

193 2882 247 2957 tia
276 2872 405 2977 potest.
458 2873 587 2968 ltaque
609 2868 649 2942 &
668 2870 705 2941 in
730 2871 897 2953 docendo
914 2900 994 2955 erat
1009 2878 1212 2980 elegantiae

194 3000 333 3100 aliquid
354 2995 541 3097 propriae,
568 3014 663 3089 quae
695 2993 980 3096 abessetpariter
995 3005 1040 3077 ab
1061 3025 1213 3090 eorum,

195 3145 293 3227 quae
326 3120 490 3220 cogitate
520 3113 651 3215 scripta
679 3113 810 3206 essent,
845 3119 1063 3215 subtilitate,
1108 3127 1146 3199 &
1168 3124 1215 3196 ab
1256 3187 1258 3193 .

197 3247 404 3323 sermonum
431 3260 570 3313 temere
591 3239 635 3310 ab
666 3237 942 3317 lnexercitatis
931 3268 970 3318 m
987 3248 1141 3325 ¹dicendo
1158 3245 1217 3321 su·

199 3371 321 3446 sorum
354 3363 575 3465 negligentia
605 3361 649 3435 &
674 3359 903 3460 inelegantia.
955 3372 1064 3469 Quae
1093 3393 1220 3447 autem

200 3491 413 3593 diligentius
440 3486 554 3586 scrrps
556 3506 594 3575 t,
635 3508 679 3560 ea
704 3483 867 3585 profesto
896 3492 1063 3592 exempla
1093 3495 1221 3571 haberi
1252 3518 1254 3523 ·
1352 3538 1354 3542 ·

197 3634 314 3716 aptae
340 3634 395 3699 er,
443 3611 544 3708 quod
573 3608 723 3700 tranat,
770 3632 1005 3721 argumento
1017 3619 1223 3722 elegantiae

207 3734 365 3840 possunt.
420 3732 523 3830 Qid
545 3732 642 3806 enim
658 3730 872 3833 elegantius
895 3740 1053 3817 Historia
1068 3744 1224 3820 Germa·

209 3882 367 3947 norum,
406 3856 494 3954 quid
518 3846 804 3930 Commentariis
838 3882 960 3937 rerum
986 3861 1230 3944 Germanica.

211 3987 320 4060 rum?
344 3982 390 4057 Et
414 3976 475 4053 illa
496 3976 644 4077 quidem
674 4003 749 4055 non
783 3982 896 4060 modo
920 3985 1060 4066 delettu
1083 4014 1226 4083 rerum,
1351 3984 1353 3991 ’

213 4112 255 4187 &
276 4103 596 4207 coagmentatione
618 4121 724 4202 apta,
751 4105 790 4178 &
811 4104 955 4196 solertia
975 4114 1055 4198 veti
1076 4138 1099 4194 a
1120 4110 1232 4204 salso,

224 4255 354 4320 canen
364 4268 451 4315 uuae
460 4244 779 4330 dmonitilitfalalls.
866 4233 931 4313 As
1140 4235 1237 4334 cents
