3059 5142
337 548 400 681 ’36
473 544 648 663 &melini
668 567 859 657 Oratione
872 565 1045 656 Animae
1060 561 1286 709 lmnunue„
1310 574 1313 580 '

312 772 533 853 '‘exscillum
548 770 618 845 firit
631 791 695 866 per
710 765 918 843 carnificem
932 789 1022 856 cor,
1046 766 1085 841 dt
1110 763 1193 862 qui,
1210 761 1299 833 dum
1308 759 1358 875 il-

341 896 410 975 lud
423 900 496 973 iam
526 893 686 970 carnifex
704 911 1000 981 manuteneret,
1035 890 1179 964 auditus
1198 886 1248 963 est
1271 910 1359 986 pro·

335 1019 463 1109 ‚tulilse
476 1021 559 1108 tria,
575 1018 637 1096 vel
648 1036 807 1118 quatuor
819 1031 970 1117 precum
985 1015 1110 1091 verba.
1139 1008 1235 1111 Qrir
1245 1035 1357 1112 porro

341 1145 405 1220 fibi
425 1144 656 1247 persuadeat,
674 1139 772 1243 polle
781 1139 859 1215 fieri
865 1189 879 1230 ‚
895 1124 1205 1240 quemadmodum
1212 1137 1358 1253 Bourt-

222 1312 230 1317 -
339 1267 536 1344 HAVlVS
552 1268 608 1347 ,in
642 1265 920 1345 Commentario
947 1266 994 1339 ad
1010 1263 1106 1462 gnos
1129 1263 1359 1363 aphorismos

341 1415 390 1467 ex
411 1391 663 1488 obseruatione
684 1390 891 1467 Anatomici
920 1389 1010 1464 Edin
1034 1387 1192 1488 urgenfis
1220 1383 1359 1474 refert,

337 1536 386 1597 ,νε
403 1516 440 1590 in
458 1515 727 1604 animali-sano,
751 1515 932 1588 nimirum'
944 1512 1056 1587 sorice
1070 1515 1228 1601 maiore,
1252 1507 1360 1606 (nam

339 1641 389 1725 de
409 1640 482 1714 hoc
507 1621 711 1714 obseruatio
731 1637 918 1738 loquitur,
936 1639 955 1730 )
972 1632 1196 1712 cor'affideat
1215 1634 1360 1735 regioni
1395 1742 1397 1750 Ι

196 1780 209 1847 ζ
263 1771 281 1866 Ἀ
314 1764 461 1839 ‘dextri
483 1765 579 1837 renis
596 1764 667 1838 fine
686 1761 762 1838 vlla
786 1758 848 1837 vel
866 1761 1049 1852 auricula,
1074 1759 1136 1837 vel
1157 1754 1358 1850 venarum}

240 1890 250 1900 “
339 1906 408 1962 aut
428 1889 643 1963 arteriarum
660 1887 842 1961 maiorum
856 1884 934 1960 vilo
948 1872 1123 1986 vestigio?
1158 1886 1237 1983 quis
1255 1908 1359 1982 prae·

338 2029 443 2086 terea
458 2011 519 2084 fibi
537 2010 667 2113 fingat,
692 2009 791 2112 posse
806 2010 892 2084 dein
904 2011 942 2083 in
962 2010 1093 2084 eodem
1110 2007 1257 2085 animali
1264 2040 1278 2099 φ
1302 2008 1360 2084 vti

324 2131 478 2209 ,fadum
492 2135 544 2210 est
558 2137 628 2224 ibi,
655 2116 855 2211 ethoracis
871 2124 1069 2219 vertebris}
1100 2131 1184 2209 loco
1215 2132 1360 2234 prdmo·

226 2262 235 2269 ’
337 2250 407 2333 nes
430 2260 525 2353 inter
546 2263 668 2335 medio
676 2251 705 2350 ‚s
733 2283 920 2362 emergere
941 2255 1141 2335 auriculam
1165 2258 1357 2348 dextram

287 2362 300 2381 ¹
338 2400 517 2480 tanquam
536 2387 698 2460 radicem
718 2386 935 2460 arteriarum
957 2381 1246 2485 pulmonalium‚
1271 2383 1360 2458 vali

220 2544 223 2551 ·
330 2505 593 2606 ‚sanguineme
624 2509 801 2610 pulmone
827 2508 1041 2583 reducentia
1058 2511 1096 2582 in
1127 2522 1250 2583 vnum·
1267 2531 1359 2583 con-

333 2628 439 2729 iungi
456 2652 651 2731 umqum,
679 2634 741 2730 qui
757 2652 860 2706 aorta
871 2633 931 2720 stt,
956 2631 1060 2709 solito
1070 2634 1153 2708 dein
1169 2608 1361 2708 distributa

209 2740 217 2797 ’·
333 2754 463 2828 more?
489 2758 683 2855 Nusquam
700 2776 825 2830 autem
839 2754 1024 2830 obscurior
1040 2755 1091 2831 est
1109 2755 1357 2857 phyfiologi23

333 2892 448 2977 quam
462 2879 526 2954 vbi
540 2876 785 2983 fundionibus
799 2880 838 2954 dr
851 2879 1072 2971 vtilitatibus
1091 2879 1281 2981 enceph'ali
1302 2880 1358 2956 su·

209 3087 212 3094 Ι
332 3024 396 3074 am
414 3003 595 3104 impendit
614 3023 762 3104 operam
772 3028 786 3096 3
810 3003 1006 3107 perpetuas
1022 3008 1071 3080 ibi
1085 3008 1276 3105 nouasque
1293 3028 1358 3081 ne·

331 3123 439 3202 bulas
470 3126 668 3223 offundunt
688 3131 728 3206 in
747 3131 1033 3207 determinandis
1062 3131 1249 3206 variarum
1274 3131 1357 3217 eius

330 3251 493 3350 partium
510 3251 548 3327 δι
565 3256 758 3355 regionum
775 3254 898 3331 vfibus
922 3251 1143 3330 diuerfiffimi
1164 3255 1357 3330 variorum

328 3373 411 3448 eius
438 3374 636 3452 vulnerum
662 3396 832 3456 euentus.
883 3380 982 3458 Cum
1004 3379 1103 3453 enim
1122 3377 1214 3454 alius
1236 3394 1257 3453 'e
1277 3364 1355 3453 suia

327 3498 642 3576 obseruationibus
660 3501 917 3578 demonstralie
943 3502 1004 3577 fibi
1017 3501 1115 3579 visus
1144 3501 1218 3591 est,
1251 3524 1357 3578 cere·

138 3644 169 3662 ’·
265 3666 272 3679 x
326 3622 486 3712 bellum,
509 3625 670 3724 eiusque
694 3629 813 3717 hanc,
860 3625 1008 3701 illamve
1031 3622 1153 3700 aream
1180 3620 1357 3733 vitalium

140 3790 146 3815 .
198 3846 201 3853 ¹
325 3742 514 3822 adlionum
537 3746 607 3825 else
629 3749 796 3840 fontem,
837 3749 929 3825 alius
947 3746 1066 3825 callofi
1085 3749 1249 3849 corporis
1269 3747 1355 3825 vul·

324 3893 412 3946 nera
434 3870 551 3966 subito
568 3872 695 3948 letalia
719 3872 899 3964 declarat,
932 3897 1022 3949 mox
1050 3871 1226 3977 reclamat
1259 3873 1359 3951 alter‘

324 3995 516 4070 contrariis
536 3997 868 4086 obseruationibus,
888 4017 932 4075 vt
959 3998 1121 4095 vndique
1144 3996 1283 4073 lubrica
1297 4000 1360 4074 vis

324 4115 462 4194 deatur
480 4120 563 4195 rsus
587 4120 720 4197 harum
742 4117 1042 4199 nobiliffimarum
1056 4122 1234 4221 partium
1244 4122 1355 4222 theo·

1274 4270 1353 4338 ηας
