3059 5142
734 436 740 469 Ι
831 470 838 487 1

341 488 345 495 “
460 494 465 527 l

298 576 1047 699 ·1mperuinneru0rnmvotunraru„
1149 603 1205 710 89
1299 580 1302 607 ²
1397 668 1399 675 .

186 803 323 859 omnes
345 781 574 863 conditiones
600 774 953 863 medicamentorum
973 786 1133 875 viribus,
1166 787 1206 862 ἀ

184 904 406 1005 explicando
430 905 632 981 eorundem
658 908 789 1006 agendi
818 909 952 985 modo?
978 933 1087 1007 quam
1113 906 1207 983 diffi·
1275 980 1279 1003 ,

186 1027 270 1103 cilis
299 1030 511 1105 morborum
539 1026 741 1129 diagnosrsi
764 1055 874 1129 quam
898 1029 994 1105 tebla
1019 1029 1206 1107 causarum
1317 1012 1324 1025 ⁶

182 1152 393 1229 eorundem
415 1153 540 1232 ratio?
566 1173 676 1250 quarn
700 1153 847 1228 occulta
870 1153 1012 1232 indoles
1036 1153 1206 1228 miasma·

140 1310 143 1317 ·
185 1252 271 1351 turn
298 1277 558 1374 atmouhaerae
581 1275 850 1366 innatantium,
894 1276 957 1355 vel
983 1299 1054 1376 ope
1074 1277 1207 1357 saliuae

181 1386 375 1473 mistorum
400 1398 637 1485 humoribus,
662 1396 724 1473 vel
749 1399 1010 1475 resorbentium
1036 1392 1208 1477 uasculo-

183 1546 270 1597 rum
294 1521 424 1621 osca-lin
450 1543 677 1622 peromnem
702 1524 865 1622 corporis
890 1524 1065 1627 corticem
1078 1545 1207 1624 paten·
1277 1580 1297 1605 -.

182 1647 285 1721 tibus
308 1666 562 1743 receptorum„
590 1640 876 1742 grauiffimairum
902 1645 1058 1721 febrium
1083 1647 1206 1746 epide·

182 1772 387 1855 micarum,
414 1768 652 1865 benignarum
679 1766 719 1841 bc
741 1766 1011 1869 malignarum,
1032 1772 1214 1845 exantho'
1311 1796 1320 1809 ··
1397 1842 1409 1869 ,

184 1892 404 1972 mancatum
422 1939 440 1979 2
461 1886 770 2001 ipiusquetpestis
795 1888 1005 1983 fabrorum
1124 1996 1141 2068 I
1218 1984 1220 1989 ,

1143 2018 1204 2071 mo

263 2208 451 2288 {pendebunt
477 2206 641 2292 physiologi
666 2209 703 2275 ad
732 2209 839 2286 Tuipii
857 2209 1006 2278 historiam
1040 2209 1078 2270 de
1111 2229 1205 2287 puero

261 2310 449 2392 quinquenni
457 2350 472 2379 ‚,
499 2310 717 2390 hydrocephalo
738 2311 907 2382 laborante,
938 2312 991 2397 qui
1015 2310 1052 2377 ad
1078 2330 1207 2379 mertem

259 2432 355 2493 aeque
378 2413 501 2494 integris
531 2413 678 2499 gaudebat
698 2416 805 2477 mentis
832 2415 961 2482 muniis,
1004 2414 1086 2473 cuius
1108 2430 1207 2477 tamen
1302 2424 1308 2441 “

260 2517 416 2595 terebrum
435 2516 471 2575 ab
489 2514 667 2581 exuberante
685 2514 1060 2597 aquaitafuitelistentum,
1079 2516 1206 2576 vtamia·
1230 2568 1233 2577 .

261 2621 292 2686 sa
314 2621 411 2705 ligura
429 2618 549 2700 globosa
563 2620 597 2685 in
614 2617 742 2683 formam
765 2619 890 2685 connexi
912 2616 1030 2679 fornicis
1055 2618 1207 2687 tedastum

259 2723 349 2811 instar
370 2721 490 2785 alicuius
526 2721 715 2787 membranae
731 2722 869 2786 craffioris
891 2719 1105 2787 adhaeresceret
1121 2721 1207 2782 vndi·
1298 2755 1301 2767 =

260 2844 319 2913 qne
342 2841 473 2889 arcuatae
501 2824 607 2915 ollium
628 2824 839 2891 diffolutorum
859 2822 1128 2889 circumferentiae?
1149 2826 1207 2887 Par
1327 2878 1330 2883 .
1394 2904 1396 2912 Ι

132 2996 134 3001 ,
259 2930 301 2990 est
317 2929 390 2988 ratio
404 2916 538 2992 hinoriie
551 2926 725 2993 Vrsalianae
737 2927 775 2988 de
795 2924 1010 3011 hydrocephalo.
1028 2926 1142 2998 biennis
1151 2948 1207 3004 pu·

132 3056 161 3075 ¹>
258 3034 349 3099 ellae,
376 3029 413 3091 ad
433 3047 559 3089 mortem
573 3049 666 3108 vsque
685 3031 809 3112 integris
838 3031 902 3091 vsae
923 3025 1060 3089 sensibus.
1098 3016 1205 3097 Ibisti-

257 3133 326 3203 iicet
345 3154 437 3214 aquae
451 3134 495 3198 via
513 3151 574 3193 erat
590 3132 713 3209 collesta
729 3135 763 3197 in
784 3133 911 3213 dextro?
936 3129 1106 3210 sinistroque
1128 3151 1205 3205 cere·

257 3238 307 3303 bri
322 3237 508 3304 ventriculo,
522 3255 651 3313 qnorum
665 3235 832 3315 amplitudo
843 3236 883 3295 ita
898 3234 1077 3300 incrtuerat,
1099 3250 1133 3313 vt
1150 3254 1205 3294 no·

257 3360 328 3400 vem
340 3324 499 3419 serraquae
514 3336 603 3397 libras
620 3339 825 3407 continerent,
848 3337 1002 3399 cerebrum
1010 3355 1082 3395 vero
1091 3326 1131 3401 ita
1144 3354 1205 3398 erat
1223 3344 1225 3346 ’
1289 3340 1300 3357 “

258 3443 436 3510 extensum²
458 3459 491 3500 vr
507 3440 540 3504 in
556 3440 656 3517 capitis
675 3440 784 3527 vertice
813 3439 1002 3501 membranae
1020 3436 1098 3516 quast
1111 3438 1211 3507 modo¹
1276 3426 1296 3497 ¹.

203 3606 209 3617 ,
258 3545 327 3609 esser
347 3561 454 3613 tenne,
489 3562 522 3602 ac
539 3540 762 3620 quodammodo
790 3542 1043 3603 continuumcum
1057 3540 1138 3603 tenui
1153 3539 1203 3603 sua
1223 3514 1243 3617 ¹,

257 3647 430 3714 membrana
448 3664 571 3721 corpus,
591 3664 660 3709 cuna
676 3644 855 3710 cerebellum
872 3644 1014 3712 interior,
1032 3642 1203 3722 cerebrique

256 3751 329 3818 bafia
353 3748 488 3810 uniuersa
511 3746 828 3813 secundumnaturam
852 3747 880 3814 sa
901 3745 1064 3815 haberent,
1086 3743 1203 3805 nonnisr

256 3853 369 3919 terebri
382 3852 560 3918 ventriculos
578 3850 742 3926 perfluente
758 3868 842 3927 aqua.
882 3846 1202 3935 Qromodoresoiuent

253 3955 420 4038 -phyfiologi
435 3953 604 4030 exemplum
621 3950 706 4029 pueri
721 3950 830 4013 bimuli
840 3949 1078 4031 hydro'eephalici
1087 3989 1097 4017 ‚
1119 3945 1201 4026 quod

256 4060 405 4128 recensent
430 4057 559 4138 anglicae
588 4053 697 4115 Philos.
712 4052 953 4123 Transaiiionem
981 4040 1034 4133 qui
1056 4050 1199 4113 nimirum
1261 4046 1264 4065 '

255 4166 369 4244 semper
395 4163 515 4230 alacris2
548 4175 702 4235 nunquam
719 4154 837 4243 stupore
861 4172 1003 4222 rexatus,
1030 4167 1080 4215 aut
1098 4149 1201 4212 dolore

647 4258 669 4318 F
690 4272 708 4337 5
791 4306 793 4310 .
1077 4253 1199 4330 eapitis,
