3059 5142
535 583 704 717 Mayero
730 586 949 716 scriptum.
1164 602 1252 721 347
1343 672 1398 745 '..

221 782 370 895 fulgura
393 789 593 885 viderunt,
632 793 831 894 Mayerus,
868 816 945 872 non
975 790 1069 871 adeo
1095 788 1246 877 finden

223 914 295 1011 effe
327 915 453 996 lunam
483 934 628 1011 terrae,
667 920 707 997 dc
738 915 763 995 fr
799 916 1113 998 circumfundatur
1136 914 1246 999 lunae

222 1058 306 1137 aer,
347 1034 614 1132 tenuiffirnum,
662 1035 964 1143 puriffirnumque
999 1041 1245 1121 circumfundi
1296 1032 1303 1113 Ῐ

220 1158 403 1267 persuasit.
452 1163 652 1256 Ceterum,
692 1164 790 1242 intra
816 1159 985 1265 angustos
1009 1161 1079 1261 hos
1103 1167 1246 1257 orbitae
1355 1194 1358 1201 ·

221 1280 359 1381 lunatis
373 1304 547 1369 ,carceres
568 1287 748 1365 contineri
765 1285 908 1397 noluit,
934 1287 1117 1380 Martem,
1133 1289 1246 1390 quem
1287 1388 1289 1393 Ι

219 1412 341 1513 primo
366 1403 547 1511 Keplerus
575 1409 719 1487 theoria
751 1410 814 1488 sua
844 1404 1005 1510 elliptica
1030 1412 1246 1507 domuerat,
1371 1442 1376 1465 ²

221 1528 441 1617 arctioribus
458 1526 616 1610 vinculis
640 1528 874 1622 constrinxit,
901 1531 1069 1611 Fixarurn
1083 1532 1246 1614 locaue-
1317 1550 1320 1561 ·
1375 1604 1380 1618 ,

219 1656 385 1747 curat-ius
409 1652 577 1731 definiuit
589 1699 604 1746 ,
630 1672 793 1759 tuncque
822 1654 959 1757 reperit
982 1653 1139 1759 propriis
1165 1656 1246 1739 illas

220 1779 386 1857 motibus
410 1776 517 1869 cieri,
557 1800 679 1880 neque
711 1774 801 1856 fixas
832 1775 914 1857 effe.
972 1777 1119 1858 Vltimo
1143 1783 1246 1860 vitae

220 1921 392 2004 tempore
416 1901 456 1978 in
478 1920 652 2011 magnete
684 1902 847 1979 animum
872 1903 1099 2009 occupauit,
1139 1904 1246 2005 cuius

220 2022 363 2102 viribus
386 2016 488 2127 leges
511 2022 621 2116 tulit,
647 2025 746 2100 notis
772 2025 957 2115 veriores,
993 2018 1249 2105 declinationis

217 2168 311 2226 vero
337 2150 520 2227 theoriam
544 2145 711 2224 condidit
733 2141 1008 2247 fnnpliciorem,
1034 2146 1074 2223 ὃς
1088 2148 1149 2223 cui
1165 2147 1248 2225 sub.

220 2267 417 2349 licerentur
439 2270 534 2373 ipfae
569 2264 853 2362 inclinationes,
892 2290 1023 2371 parum
1054 2270 1248 2373 hucusque
1363 2284 1371 2309 '

221 2395 389 2471 theoriae
413 2391 640 2471 obedientes.
693 2393 820 2490 Qaem
844 2393 923 2468 eius
940 2391 1046 2469 velut
1060 2414 1247 2494 cygneum

223 2534 397 2607 cantum,
437 2516 543 2595 initio
575 2512 689 2593 huius
714 2512 801 2591 anni
824 2510 975 2593 societas
1001 2514 1246 2595 scientiarium
1327 2530 1331 2541 “
1360 2572 1364 2578 «

220 2640 376 2719 audiuit.

325 2852 430 2931 Haec
455 2874 542 2931 curn
566 2849 721 2930 biduum
754 2849 1003 2956 superuixisset
1032 2850 1146 2933 natali
1177 2874 1245 2933 vn·
1353 2947 1356 2953 .

222 2976 565 3081 dequadragesrmo,
605 2975 743 3053 fecerat
757 3041 761 3045 .
775 2981 970 3078 Mayerus;
1002 2982 1058 3075 (e)
1083 2980 1246 3055 iudicate

222 3102 447 3194 auditores,
475 3122 569 3202 quae
595 3092 715 3174 fuiflet
747 3094 964 3191 effedlurus,
989 3099 1012 3174 fi
1038 3102 1085 3177 ad
1108 3100 1245 3178 Halieii

183 3223 446 3305 ,seneclutem
478 3216 708 3325 peruenisset.
766 3222 954 3300 Halleium
987 3240 1112 3321 autern
1152 3223 1244 3317 dunt

223 3351 396 3439 nomino,
435 3344 566 3426 videor
596 3344 689 3420 mihi
716 3344 864 3437 videte,
905 3345 938 3420 fr·
952 3343 1076 3424 felices
1102 3345 1248 3423 animae

223 3472 273 3549 de
295 3475 448 3550 terrenis
469 3471 539 3547 fuis
563 3464 708 3560 studiis,
747 3466 793 3551 v't
816 3470 887 3548 viri
912 3470 1096 3546 interdurn
1119 3469 1166 3545 de
1191 3471 1246 3546 in·

224 3593 361 3675 santiae
373 3592 525 3688 rufinus,
549 3592 829 3696 colloquantur,
852 3592 1140 3697 videorinquam
1154 3589 1252 3711 mihi

531 3734 535 3741 ’
648 3725 650 3729 ’
1098 3718 1248 3807 Videre,

266 3892 309 3979 (e)
328 3896 472 3959 Mortuus
501 3890 606 3965 diae.
635 3890 786 3958 Februarii
811 3890 882 3956 anni
916 3892 1002 3976 1762.
1028 3892 1166 3965 humatus
1196 3896 1265 3969 23.‘

308 4019 402 4080 prope
423 4000 568 4083 templum
587 3999 630 4063 St.
647 3997 755 4063 manni
765 4038 778 4070 ,
797 3998 876 4070 iam,
904 3997 985 4080 quod
1001 3994 1172 4082 granarium
1187 3994 1254 4069 dt,
1377 4018 1379 4023 ·

307 4103 451 4171 clausurn.
773 4186 779 4195 η

688 4234 699 4259 .·
718 4224 805 4311 ΖΞ
859 4246 861 4253 .
