3059 5142
444 528 647 672 Memorio
665 572 958 697 Mafcouianaa
1113 576 1200 697 359
1261 616 1263 621 ·

180 804 340 885 quorum
366 777 516 856 nomine
539 772 574 853 se
595 768 821 877 anteponeie
842 770 951 876 possit
970 752 1199 876 elegantieet
1320 844 1328 861 ,

179 904 409 1009 praesertim,
437 924 524 977 cum
539 901 631 978 haec
648 896 767 973 multa
786 880 1004 1000 poffit'bona
1019 897 1081 973 sua
1095 918 1200 991 com-
1220 940 1227 948 ·
1271 912 1273 917 '

178 1049 404 1113 memorare,
428 1044 579 1126 propter
599 1047 693 1125 quae
720 1020 772 1097 illi
803 1021 950 1125 aequari
982 1019 1117 1099 deber'e
1144 1025 1206 1102 vn
1302 1112 1304 1117 ¹

178 1150 323 1225 deutur.
374 1150 471 1224 Nam
492 1150 651 1249 primum
673 1142 783 1225 latius
815 1164 918 1249 patet
937 1143 1016 1219 eius
1043 1144 1121 1238 vis,
1149 1169 1200 1225 .vt

179 1296 276 1374 quae
297 1292 394 1348 totas
418 1289 514 1350 artes
537 1294 580 1345 ac
602 1267 805 1371 disciplinas
826 1261 1105 1367 compleatur,
1133 1272 1201 1350 ser·

180 1392 309 1475 mones
333 1394 446 1470 etiam
467 1394 508 1471 &
544 1391 639 1469 dieta
671 1390 799 1470 omnia
828 1390 986 1471 hominis
1017 1376 1202 1500 persequi·

181 1539 263 1609 tur,
289 1543 374 1595 cum
396 1517 458 1595 illa
479 1516 637 1619 augustis
658 1517 862 1596 admodum
885 1511 1017 1593 finibus
1032 1520 1204 1600 coercea·¹

181 1663 263 1734 tur,
286 1636 327 1719 ὃ(
353 1666 437 1718 raro
460 1637 709 1729 numerosam,
735 1660 781 1720 vt
803 1643 867 1718 ita¹
880 1641 1066 1735 dicamus,
1100 1643 1202 1725 sobo·

178 1764 254 1843 lem
281 1762 427 1840 habeat.
480 1770 607 1865 Atque
637 1762 750 1843 etiam
783 1766 835 1844 est
864 1768 912 1841 ad
945 1762 1051 1842 usum
1081 1765 1207 1845 homi-2
1261 1832 1267 1839 .
1320 1766 1325 1777 '

172 1912 273 1965 -num
296 1884 493 1989 copiofior,
520 1884 677 1963 seruiens
702 1880 874 1967 o‘mnibus
902 1892 1039 1992 pariter
1069 1891 1109 1967 &
1131 1890 1205 1967 'do-

180 2012 301 2089 cendo
328 2013 369 2089 &
398 2006 635 2101 obleCiandm
677 2014 778 2111 quod
809 2037 885 2090 non
916 2010 1125 2100 concessum
1152 2010 1208 2091 est·

182 2133 392 2211 inueniendi
415 2133 619 2234 sagacitati,
646 2159 740 2235 quae
761 2134 813 2211 est
826 2158 1028 2236 paucorum
1042 2135 1206 2237 plerum·

181 2284 257 2363 que
280 2258 492 2346 hominum,
519 2258 558 2331 &
580 2254 654 2333 fere
675 2258 828 2351 eorum,
855 2257 919 2363 qui
941 2257 976 2333 se
1001 2254 1110 2336 altius
1142 2262 1212 2344 aba

182 2383 272 2459 dere
293 2379 486 2470 dosirinis,
509 2359 743 2461 &interiora
765 2387 901 2461 artium
918 2380 1018 2456 adire
1040 2383 1206 2495 cupiant.

181 2508 267 2585 Nec
299 2504 390 2581 iliud
418 2528 579 2605 paruum
603 2501 699 2583 iilius
722 2508 861 2585 bonum
889 2500 960 2595 est,
1000 2507 1101 2604 qnod
1130 2532 1209 2591 non

181 2631 298 2709 modo
327 2628 498 2729 operibus
524 2626 604 2729 ipsis
636 2651 659 2703 a
691 2629 726 2707 se
748 2627 877 2706 effluis
905 2628 945 2705 iit
968 2625 1211 2712 conformatis

184 2749 350 2856 prodest,
375 2774 509 2826 verum
533 2751 646 2827 etiam
675 2750 872 2854 exemplo,
906 2776 981 2854 quo
1006 2746 1208 2849 intuendo,
1256 2738 1271 2845 J
1346 2826 1349 2833 ,

183 2874 375 2954 traiiando
407 2873 634 2976 cogitatione
671 2894 783 2976 atque
823 2877 1053 2968 imitatione,
1100 2879 1209 2958 velut

184 3000 407 3101 contagione
424 2997 602 3097 quadam,
630 2997 779 3073 tranfire
793 3000 840 3073 ad
857 2998 948 3076 alios
963 2997 1093 3101 poffit3
1104 3000 1208 3102 quod

184 3125 289 3202 secus
310 3120 380 3198 eise
400 3122 438 3195 in
462 3116 685 3197 inuentionis
710 3117 874 3212 solertia,
915 3119 1031 3198 sciunt
1055 3146 1224 3215 omnes,
1336 3186 1341 3199 .

184 3270 298 3350 quam
321 3243 392 3321 eise
413 3267 527 3345 prope
547 3227 688 3334 totam,
716 3245 878 3334 constat,
902 3245 940 3319 in
965 3243 1069 3326 donis
1097 3262 1245 3334 natue?

184 3397 249 3449 rae
272 3369 436 3471 inprimis
458 3364 642 3460 saumicis,
669 3393 739 3446 nec
761 3368 958 3445 imitationi
982 3367 1092 3446 ualde
1123 3372 1211 3447 sub*

185 3494 332 3575 ieiiam.
380 3491 439 3568 Est
459 3490 522 3566 illa
536 3493 693 3596 denique
708 3493 845 3593 semper
865 3489 966 3570 vtilis
990 3492 1029 3568 &
1051 3492 1209 3575 tibimet·

187 3619 252 3722 ipsr
289 3620 328 3695 δι
365 3621 515 3710 ceteris,
558 3620 690 3722 quibus
719 3639 871 3718 operam
900 3614 1002 3692 suam
1036 3617 1210 3711 adhibet,

186 3745 228 3821 in
250 3744 320 3818 hac
350 3744 454 3847 saepe
482 3767 583 3819 mera
613 3741 747 3844 species
783 3737 856 3831 est,
902 3735 1040 3815 habens
1071 3740 1211 3844 aliquid
1335 3760 1337 3766 ’

188 3864 441 3981 admirationis
473 3893 495 3944 a
523 3866 713 3958 nouitate,
753 3859 820 3941 aut
850 3857 1067 3955 subtilitate,
1108 3862 1212 3945 nulla

186 4012 280 4065 uera
303 3991 342 4067 &
365 3989 476 4068 solida
501 3987 652 4066 utilitas.
703 3990 832 4089 ltaque
859 3986 972 4062 etiam
1000 3987 1126 4088 paucis
1155 3990 1210 4066 in·

189 4113 410 4191 ventoribus
427 4131 610 4194 contenta
629 4110 681 4191 eii
700 4111 983 4201 vitaehumanae
1014 4112 1079 4219 qui
1107 4107 1213 4186 disci·

153 4250 156 4269 '
1072 4233 1210 4336 Funis»
