3059 5142
243 550 246 555 ⁵
296 583 342 669 de
360 560 864 697 Libeisumaouts‘quam
877 582 1063 699 antiquis.
1117 605 1206 697 415

192 798 360 879 „poetas
386 774 539 852 lasciuos
573 776 738 868 extollit,
775 797 819 855 vt
844 779 976 880 probos
1009 779 1204 882 theologos
1327 830 1330 839 ·

189 904 419 1003 „deprimat
473 904 586 999 Quod
610 901 755 978 forfitan
777 923 852 977 non
865 901 1025 992 faceret,
1048 902 1074 977 fi
1096 902 1205 1005 legis-¹

188 1027 282 1131 „iet
310 1049 384 1125 que
414 1026 472 1099 vir
501 1024 674 1126 eloquens
701 1025 912 1103 Hermolaus
941 1021 1121 1102 Burburus
1145 1023 1205 1125 (u)

188 1151 400 1253 „graphice
420 1148 458 1223 in
482 1170 612 1250 poetas
638 1148 790 1252 scripit,
810 1150 848 1224 ὅ(
872 1173 963 1250 quas
987 1151 1025 1224 in
1041 1149 1207 1249 praesen·

188 1274 278 1365 „tia
301 1275 347 1347 ad
371 1292 409 1348 te
435 1274 544 1348 mitto
570 1274 662 1349 duas
687 1272 802 1374 publii
834 1277 907 1371 (x)
933 1273 1056 1369 Fausti
1079 1277 1205 1368 (cuius
1307 1262 1310 1269 ’

186 1421 295 1499 „ego
320 1397 359 1470 in
382 1393 571 1473 c'larissimo
586 1395 825 1533 Paptiitorum
842 1397 1039 1498 Gymnasro
1064 1396 1205 1497 aliquot

185 1520 326 1613 „annis
353 1521 501 1595 auditor
525 1520 597 1614 fui)
618 1518 773 1621 elegias,
801 1545 913 1601 vnum
939 1523 984 1596 de
1011 1540 1205 1622 poetarum
1291 1614 1300 1629 ἱ

185 1643 482 1737 ,·,infoelicitate,
515 1644 562 1737 de
585 1644 725 1719 eximiis
751 1642 1013 1747 theologorum
1035 1643 1206 1719 laudibus

186 1744 388 1861 „alteiam
441 1766 482 1840 ln
514 1767 645 1867 quibus
676 1766 903 1869 perlegendis
928 1793 1040 1871 quam
1066 1765 1108 1842 iit
1131 1764 1206 1841 ele·

185 1915 312 1993 „gans
339 1889 502 1984 Faustus,
543 1913 655 1993 quam
688 1892 861 1992 epithetis
895 1893 1049 1981 scateat,
1090 1913 1204 1991 quam

186 2012 461 2106 „lententiosus
486 2014 678 2116 diligenter
703 2016 836 2114 quaeso
862 2016 1058 2117 perpende.

291 2143 369 2214 lam
395 2139 597 2239 sequuntur
618 2138 780 2211 carmina
805 2135 926 2233 Etusti
951 2138 1083 2240 quibus
1108 2136 1205 2213 inter

184 2261 256 2338 alia
281 2286 318 2363 p.
344 2287 403 2357 39.
438 2263 483 2336 de
509 2263 702 2335 Sacrarum
733 2259 922 2337 literarum
956 2261 1056 2363 apud
1081 2257 1208 2338 Parili-

181 2384 282 2464 eoses
308 2384 424 2460 studio
450 2358 502 2459 ita't
526 2385 644 2458 canit:

232 2494 414 2587 Hic'bene
435 2523 521 2583 nota
539 2523 642 2608 putet
666 2504 815 2600 eoelestis
838 2503 967 2581 littera
992 2500 1095 2583 verbi
1208 2540 1212 2550 ·
1254 2530 1257 2537 ·

287 2632 445 2706 Nititur
471 2612 517 2709 i?
543 2628 813 2731 tanto'pondere
827 2630 953 2725 struiia
968 2627 1069 2722 fides.
1206 2624 1208 2629 ’
1275 2686 1282 2729 ·.

231 2755 311 2832 Nee
333 2759 437 2829 timet
460 2752 619 2849 aduerstts
632 2755 764 2851 fluiius
788 2769 972 2857 ventosque
990 2768 1154 2861 procaces

281 2877 365 2953 Hoc
387 2876 470 2953 duce
490 2876 666 2983 clauigeri
690 2878 783 2954 retia
802 2881 928 2953 carina
944 2879 1057 2977 petri.

235 3000 350 3104 Vsque
365 2999 446 3075 adeo
453 2999 565 3091 firma
579 3002 624 3091 est
641 2999 688 3076 ἓν
702 3012 803 3075 tanto
828 3001 959 3101 remige
969 2998 1077 3097 fulta

284 3124 338 3202 Vt
352 3139 456 3231 queat
470 3148 493 3196 a
507 3120 601 3196 nullo
617 3123 835 3197 concutiente
850 3124 968 3222 premi
1011 3150 1015 3163 ·

238 3244 391 3327 Tantum
399 3243 532 3344 parifig
547 3239 642 3321 debet
645 3242 757 3341 stura
763 3250 900 3349 pagina
913 3244 1026 3323 utenti

279 3371 465 3477 Quantum
477 3357 771 3466 'diuinissenstius
792 3370 865 3446 ima
878 3392 973 3445 curo.

258 3617 410 3681 Habemus
442 3614 474 3679 ἃ
499 3615 704 3677 Germanicam
744 3614 812 3677 tutti
840 3614 965 3693 eulatie
995 3609 1200 3677 verbonema

255 3715 543 3802 wigmannoihilesso
550 3718 729 3779 adornatam.
739 3714 871 3779 Francof.
884 3714 970 3795 1565.
986 3714 1082 3781 Huius
1092 3716 1200 3796 tutasti
1289 3750 1293 3765 ι

256 3822 545 3906 verius&leguntur
559 3821 590 3880 in
596 3823 756 3901 Margarita
762 3818 952 3899 Philosophia.
965 3817 1089 3901 Aegeus,
1111 3823 1197 3896 1508.

218 3924 280 4005 (u)
299 3927 346 3987 De
359 3946 419 4007 quo
431 3926 484 3987 alia
499 3921 645 3987 ottobone
665 3923 791 4002 amplior
805 3923 859 3984 erit
873 3920 982 4004 egendi
993 3921 1086 3991 locut.

216 4027 279 4109 (x)
299 4028 389 4108 Apud
407 4032 528 4110 Myiium
543 4025 619 4093 Bibl.
635 4025 698 4085 Itu.
717 4044 748 4103 p.
763 4039 832 4104 235.
849 4046 880 4086 n.
893 4025 961 4105 619.
984 4022 1016 4086 ἃ
1033 4043 1065 4102 p.
1079 4020 1147 4102 236·
1161 4044 1194 4086 u.

256 4140 327 4198 6²0·
354 4131 491 4208 citantur.
535 4129 572 4212 ι)
602 4127 685 4204 restit
712 4131 813 4191 Fauhti
840 4126 993 4191 attribui
1000 4171 1013 4208 ,
1042 4126 1193 4188 Bucolica.

642 4234 677 4309 D
693 4232 717 4306 d
739 4260 764 4332 4
1101 4228 1193 4293 'Perit
