3059 5142
306 712 309 716 ,
346 608 404 725 ‘76
609 617 623 664 -’
670 602 852 691 Clematii
877 605 1012 691 oratio

447 800 535 878 Dixi
565 817 745 899 quantum
782 798 863 872 satis
905 797 956 872 eli
980 797 1019 872 &
1056 800 1176 887 euici,
1220 776 1374 875 nullum

348 948 525 1028 magnum
549 921 705 997 extitiffe
739 945 901 1019 unquam
925 921 1129 1019 Principem
1138 973 1160 1033 ,Ι
1193 924 1281 1021 quin
1306 924 1368 997 Bi.
1402 964 1409 971 -

350 1047 542 1133 bliothecis
566 1043 718 1143 aliisque
743 1043 899 1152 sublidiiq
925 1043 1072 1142 publica
1096 1047 1148 1119 rei
1182 1042 1368 1125 literariae

210 1210 213 1215 ¹
350 1168 548 1253 commoda
574 1165 813 1264 promouerit.
865 1166 968 1262 Qrid
1004 1164 1219 1244 serenillimo
1243 1169 1368 1245 nostro

352 1288 567 1378 CAROLO
593 1286 720 1362 Musae
746 1287 927 1377 debeant,
972 1291 1010 1364 δι
1036 1291 1073 1363 in
1096 1288 1282 1390 posterum
1305 1294 1369 1367 de·

350 1420 493 1493 biturae
516 1411 605 1500 fint,
630 1434 763 1498 exeo,
793 1411 892 1508 quod
915 1412 989 1506 jam
1015 1412 1218 1527 praestitit,
1260 1413 1371 1493 facile

351 1544 392 1619 ὅ(
415 1534 681 1641 gratulabundo
706 1535 828 1611 animo
853 1532 1072 1636 colligimus

242 1856 247 1877 1
448 1772 520 1848 Sed
543 1792 651 1845 omne
676 1769 750 1844 hoc
775 1768 1024 1843 Patrocinium
1035 1802 1055 1860 ,·
1083 1771 1107 1846 fi
1132 1794 1206 1847 non
1227 1778 1397 1847 tranum¹

351 1915 451 1969 certe
481 1892 641 1968 instabile
667 1891 737 1989 est,
771 1890 834 1964 nisr
865 1890 949 1981 sint,
983 1917 1076 1992 quos
1103 1895 1286 1993 Principes
1312 1896 1372 1969 Bi·

264 2070 268 2076 -
329 2017 543 2093 nliothecis
570 2012 639 2087 suis
665 2013 860 2112 praeficere
884 2009 1035 2115 poffint,
1062 2018 1144 2093 Viri
1170 2014 1292 2105 doni,
1318 2015 1373 2093 af·

245 2156 259 2173 ⁸
351 2140 498 2239 ¹fusiles,
521 2138 581 2229 ,in
613 2156 757 2210 exteros
783 2138 822 2212 &
848 2138 947 2211 ciues
971 2139 1137 2240 benigni,
1171 2139 1272 2216 nullo
1287 2164 1394 2240 par··

352 2265 445 2341 tium
486 2260 615 2335 studio
629 2257 754 2350 duell,
799 2261 838 2337 &
862 2259 1227 2340 Bibliothecariorum
1250 2252 1372 2343 nomi-

312 2411 400 2463 nare
423 2383 534 2485 digni.
764 2390 769 2395 ’

452 2560 569 2658 Qrod
578 2554 899 2640 Buchannnusolim
909 2565 954 2639 ad
968 2567 1171 2641 incomtum
1189 2564 1294 2656 illud,
1308 2566 1373 2644 fal·
1400 2562 1409 2641 ἦ

354 2704 405 2775 ue
431 2683 607 2783 Magister
633 2680 702 2757 fine
727 2683 849 2777 libris,
895 2686 967 2762 alio
1000 2708 1166 2787 tempore
1197 2688 1297 2765 scite·
1315 2714 1371 2767 re·-

354 2802 481 2907 gestit,
530 2803 668 2880 saluere
695 2805 778 2880 libri
811 2808 883 2881 stne
908 2808 1098 2909 Magistro,
1142 2813 1181 2884 id
1205 2811 1302 2889 reile
1327 2816 1374 2905 ad
1401 2868 1409 2887 ,.

354 2930 628 3016 Bibliothecae,
663 2930 871 3028 quicunque
898 2928 1030 3021 fuerit,
1065 2934 1247 3033 applicare
1273 2936 1374 3037 polle

241 3059 262 3105 ·'
323 3038 494 3159 -docuin
544 3049 729 3126 Nimirum
756 3050 928 3152 Magister
946 3052 1082 3131 saluere
1101 3057 1177 3133 fine.
1191 3058 1292 3136 libris
1308 3085 1380 3162 por

336 3165 447 3277 aest,
472 3178 512 3250 ln
537 3175 608 3249 stne
634 3172 699 3247 illo
722 3197 797 3248 non
823 3174 979 3274 possunt.

175 3392 216 3415 κ
338 3346 342 3350 ’
404 3428 407 3433 ,
457 3353 632 3432 Consules
674 3350 753 3428 fieri
796 3358 991 3459 quotannis
1025 3359 1065 3435 ὃς
1105 3356 1374 3460 proconsules,

301 3506 304 3511 ·
354 3466 472 3556 'solum
497 3498 562 3553 aut
585 3500 711 3577 regem
747 3498 812 3551 aut
838 3481 988 3553 Poetam
1023 3485 1270 3575 &eruditum
1298 3509 1375 3561 non

302 3642 307 3650 1
357 3602 555 3702 quotannis
587 3599 727 3690 nasei,
793 3596 979 3700 eleganter
1022 3604 1158 3708 anstus
1209 3633 1374 3710 pronun-
1399 3628 1405 3655 -’

162 3778 167 3788 ·
309 3800 315 3811 ,
357 3725 484 3801 c'iauit.

367 3966 370 3972 .
462 3900 712 3980 Nihilominus
738 3921 862 3980 tamen
886 3900 1023 3986 inficias
1048 3912 1092 3987 iri
1130 3935 1206 3989 non
1240 3896 1375 4004 debet,

357 4026 459 4128 quod
480 4028 583 4128 Rege
614 4046 703 4123 nato
726 4026 916 4103 nascantur
942 4034 1053 4108 etiarn
1078 4036 1269 4129 hominm,
1302 4041 1377 4116 Re·
1406 4080 1409 4089 2

357 4175 404 4253 ge
431 4151 553 4254 digni,
577 4148 639 4228 vel
662 4150 779 4228 Poeta
802 4152 1022 4255 interprete,
1156 4166 1164 4190 '
1288 4259 1320 4337 S

1317 4265 1379 4341 int.
