<?xml version="1.0" encoding="UTF-8"?>
<!DOCTYPE html PUBLIC "-//W3C//DTD XHTML 1.0 Transitional//EN"
    "http://www.w3.org/TR/xhtml1/DTD/xhtml1-transitional.dtd">
<html xmlns="http://www.w3.org/1999/xhtml" xml:lang="en" lang="en">
 <head>
  <title>
</title>
<meta http-equiv="Content-Type" content="text/html;charset=utf-8" />
  <meta name='ocr-system' content='tesseract 3.04.00' />
  <meta name='ocr-capabilities' content='ocr_page ocr_carea ocr_par ocr_line ocrx_word'/>
</head>
<body>
  <div class='ocr_page' id='page_1' title='image "./henrguilclemmii00clemgoog_0332.png"; bbox 0 0 3059 5142; ppageno 0'>
   <div class='ocr_carea' id='block_1_1' title="bbox 314 582 1233 722">
    <p class='ocr_par' dir='ltr' id='par_1_1' title="bbox 314 582 1233 722">
     <span class='ocr_line' id='line_1_1' title="bbox 314 582 1233 722; baseline -0.016 -27"><span class='ocrx_word' id='word_1_1' title='bbox 314 606 402 722; x_wconf 77' lang='lat'><em>316-</em></span> <span class='ocrx_word' id='word_1_2' title='bbox 486 598 652 689; x_wconf 80' lang='lat' dir='ltr'>Solottii</span> <span class='ocrx_word' id='word_1_3' title='bbox 668 600 936 711; x_wconf 80' lang='lat' dir='ltr'>Progromma</span> <span class='ocrx_word' id='word_1_4' title='bbox 954 601 999 686; x_wconf 77' lang='lat' dir='ltr'>de</span> <span class='ocrx_word' id='word_1_5' title='bbox 1021 582 1192 688; x_wconf 62' lang='lat' dir='ltr'>Troilo?</span> <span class='ocrx_word' id='word_1_6' title='bbox 1227 582 1233 593; x_wconf 79' lang='grc'><strong>’</strong></span> 
     </span>
    </p>
   </div>
   <div class='ocr_carea' id='block_1_2' title="bbox 313 790 1336 897">
    <p class='ocr_par' dir='ltr' id='par_1_2' title="bbox 313 790 1336 897">
     <span class='ocr_line' id='line_1_2' title="bbox 313 790 1336 897; baseline -0.005 -22"><span class='ocrx_word' id='word_1_7' title='bbox 313 796 436 875; x_wconf 81' lang='lat' dir='ltr'>ciunt:</span> <span class='ocrx_word' id='word_1_8' title='bbox 461 791 647 896; x_wconf 75' lang='lat' dir='ltr'><em>praecedet</em></span> <span class='ocrx_word' id='word_1_9' title='bbox 667 794 797 872; x_wconf 63' lang='lat' dir='ltr'>Reffor</span> <span class='ocrx_word' id='word_1_10' title='bbox 822 816 934 872; x_wconf 83' lang='lat' dir='ltr'>omnes</span> <span class='ocrx_word' id='word_1_11' title='bbox 962 795 1070 882; x_wconf 77' lang='lat' dir='ltr'>alios,</span> <span class='ocrx_word' id='word_1_12' title='bbox 1104 807 1149 870; x_wconf 81' lang='lat' dir='ltr'>ot</span> <span class='ocrx_word' id='word_1_13' title='bbox 1171 790 1336 897; x_wconf 67' lang='lat' dir='ltr'>Equitesj</span> 
     </span>
    </p>
   </div>
   <div class='ocr_carea' id='block_1_3' title="bbox 172 905 1349 1021">
    <p class='ocr_par' dir='ltr' id='par_1_3' title="bbox 172 905 1349 1021">
     <span class='ocr_line' id='line_1_3' title="bbox 172 905 1349 1021; baseline -0.008 -21"><span class='ocrx_word' id='word_1_14' title='bbox 172 1002 178 1021; x_wconf 63' lang='lat'>‚</span> <span class='ocrx_word' id='word_1_15' title='bbox 315 916 535 1007; x_wconf 79' lang='lat' dir='ltr'><em>Sacerdotes,</em></span> <span class='ocrx_word' id='word_1_16' title='bbox 562 916 763 1007; x_wconf 70' lang='lat' dir='ltr'>Prolatos,</span> <span class='ocrx_word' id='word_1_17' title='bbox 801 915 1003 1019; x_wconf 86' lang='lat' dir='ltr'>Episcopos‚</span> <span class='ocrx_word' id='word_1_18' title='bbox 1029 905 1349 1017; x_wconf 75' lang='lat' dir='ltr'>Archiepiscopos,·</span> 
     </span>
    </p>
   </div>
   <div class='ocr_carea' id='block_1_4' title="bbox 313 1039 1336 1268">
    <p class='ocr_par' dir='ltr' id='par_1_4' title="bbox 313 1039 1336 1268">
     <span class='ocr_line' id='line_1_4' title="bbox 314 1039 1336 1123; baseline -0.008 0"><span class='ocrx_word' id='word_1_19' title='bbox 314 1047 372 1123; x_wconf 80' lang='lat' dir='ltr'>vti</span> <span class='ocrx_word' id='word_1_20' title='bbox 409 1043 447 1116; x_wconf 89' lang='lat' dir='ltr'>id</span> <span class='ocrx_word' id='word_1_21' title='bbox 488 1039 640 1115; x_wconf 88' lang='lat' dir='ltr'>testatur</span> <span class='ocrx_word' id='word_1_22' title='bbox 678 1041 785 1117; x_wconf 86' lang='lat' dir='ltr'><strong>IOH.</strong></span> <span class='ocrx_word' id='word_1_23' title='bbox 811 1040 1119 1117; x_wconf 72' lang='lat' dir='ltr'>RAIMVNDVS</span> <span class='ocrx_word' id='word_1_24' title='bbox 1146 1040 1189 1116; x_wconf 87' lang='lat' dir='ltr'>L.</span> <span class='ocrx_word' id='word_1_25' title='bbox 1213 1042 1255 1114; x_wconf 82' lang='lat' dir='ltr'>B·</span> <span class='ocrx_word' id='word_1_26' title='bbox 1286 1042 1336 1115; x_wconf 79' lang='lat' dir='ltr'>de</span> 
     </span>
     <span class='ocr_line' id='line_1_5' title="bbox 313 1159 1334 1268; baseline -0.006 -22"><span class='ocrx_word' id='word_1_27' title='bbox 313 1165 552 1246; x_wconf 85' lang='lat' dir='ltr'>LAMBERG</span> <span class='ocrx_word' id='word_1_28' title='bbox 572 1168 612 1238; x_wconf 85' lang='lat' dir='ltr'>in</span> <span class='ocrx_word' id='word_1_29' title='bbox 631 1159 723 1240; x_wconf 86' lang='lat' dir='ltr'>libro</span> <span class='ocrx_word' id='word_1_30' title='bbox 738 1161 1019 1268; x_wconf 84' lang='lat' dir='ltr'>Priuilegiorum</span> <span class='ocrx_word' id='word_1_31' title='bbox 1034 1162 1218 1239; x_wconf 82' lang='lat' dir='ltr'>Poduonoe</span> <span class='ocrx_word' id='word_1_32' title='bbox 1240 1163 1334 1241; x_wconf 82' lang='lat' dir='ltr'>Vni-</span> 
     </span>
    </p>
   </div>
   <div class='ocr_carea' id='block_1_5' title="bbox 172 1268 1336 1390">
    <p class='ocr_par' dir='ltr' id='par_1_5' title="bbox 172 1268 1336 1390">
     <span class='ocr_line' id='line_1_6' title="bbox 172 1268 1336 1390; baseline -0.008 -20"><span class='ocrx_word' id='word_1_33' title='bbox 172 1268 211 1385; x_wconf 64' lang='grc'>,’</span> <span class='ocrx_word' id='word_1_34' title='bbox 313 1291 502 1390; x_wconf 81' lang='lat' dir='ltr'>uerſstotis.</span> <span class='ocrx_word' id='word_1_35' title='bbox 561 1289 621 1362; x_wconf 88' lang='lat' dir='ltr'>Ne</span> <span class='ocrx_word' id='word_1_36' title='bbox 647 1309 739 1364; x_wconf 85' lang='lat' dir='ltr'>vero</span> <span class='ocrx_word' id='word_1_37' title='bbox 770 1288 850 1386; x_wconf 79' lang='lat' dir='ltr'>quis</span> <span class='ocrx_word' id='word_1_38' title='bbox 869 1286 1077 1377; x_wconf 85' lang='lat' dir='ltr'>existimet,</span> <span class='ocrx_word' id='word_1_39' title='bbox 1107 1286 1336 1390; x_wconf 82' lang='lat' dir='ltr'>praerogati-¹</span> 
     </span>
    </p>
   </div>
   <div class='ocr_carea' id='block_1_6' title="bbox 210 1407 1338 2003">
    <p class='ocr_par' dir='ltr' id='par_1_6' title="bbox 210 1407 1338 2003">
     <span class='ocr_line' id='line_1_7' title="bbox 313 1407 1338 1513; baseline -0.005 -21"><span class='ocrx_word' id='word_1_40' title='bbox 313 1439 402 1492; x_wconf 84' lang='lat' dir='ltr'>uam</span> <span class='ocrx_word' id='word_1_41' title='bbox 425 1413 521 1487; x_wconf 88' lang='lat' dir='ltr'>hanc</span> <span class='ocrx_word' id='word_1_42' title='bbox 546 1410 638 1487; x_wconf 88' lang='lat' dir='ltr'>adeo</span> <span class='ocrx_word' id='word_1_43' title='bbox 667 1407 739 1485; x_wconf 84' lang='lat' dir='ltr'>else</span> <span class='ocrx_word' id='word_1_44' title='bbox 770 1409 1015 1513; x_wconf 86' lang='lat' dir='ltr'>splendidam,</span> <span class='ocrx_word' id='word_1_45' title='bbox 1057 1430 1103 1485; x_wconf 85' lang='lat' dir='ltr'>vt</span> <span class='ocrx_word' id='word_1_46' title='bbox 1131 1409 1234 1488; x_wconf 90' lang='lat' dir='ltr'>nullo</span> <span class='ocrx_word' id='word_1_47' title='bbox 1264 1409 1338 1487; x_wconf 79' lang='lat' dir='ltr'>vsu</span> 
     </span>
     <span class='ocr_line' id='line_1_8' title="bbox 313 1529 1338 1636; baseline -0.006 -24"><span class='ocrx_word' id='word_1_48' title='bbox 313 1537 377 1612; x_wconf 85' lang='lat' dir='ltr'>vel</span> <span class='ocrx_word' id='word_1_49' title='bbox 397 1534 571 1612; x_wconf 80' lang='lat' dir='ltr'>exercitio</span> <span class='ocrx_word' id='word_1_50' title='bbox 595 1531 803 1610; x_wconf 88' lang='lat' dir='ltr'>confirmari</span> <span class='ocrx_word' id='word_1_51' title='bbox 828 1537 1013 1636; x_wconf 85' lang='lat' dir='ltr'>potuerit,</span> <span class='ocrx_word' id='word_1_52' title='bbox 1043 1529 1228 1633; x_wconf 82' lang='lat' dir='ltr'>exemplis</span> <span class='ocrx_word' id='word_1_53' title='bbox 1252 1554 1338 1608; x_wconf 87' lang='lat' dir='ltr'>rem</span> 
     </span>
     <span class='ocr_line' id='line_1_9' title="bbox 314 1655 1337 1757; baseline -0.004 -20"><span class='ocrx_word' id='word_1_54' title='bbox 314 1659 590 1745; x_wconf 76' lang='lat' dir='ltr'>illustrabimur,</span> <span class='ocrx_word' id='word_1_55' title='bbox 617 1679 663 1733; x_wconf 85' lang='lat' dir='ltr'>ex</span> <span class='ocrx_word' id='word_1_56' title='bbox 688 1658 820 1756; x_wconf 86' lang='lat' dir='ltr'>quibus</span> <span class='ocrx_word' id='word_1_57' title='bbox 843 1677 968 1757; x_wconf 62' lang='lat' dir='ltr'>patet,</span> <span class='ocrx_word' id='word_1_58' title='bbox 993 1655 1212 1732; x_wconf 74' lang='lat' dir='ltr'>sanfflonem</span> <span class='ocrx_word' id='word_1_59' title='bbox 1233 1655 1337 1733; x_wconf 83' lang='lat' dir='ltr'>illam</span> 
     </span>
     <span class='ocr_line' id='line_1_10' title="bbox 314 1777 1336 1868; baseline -0.003 -7"><span class='ocrx_word' id='word_1_60' title='bbox 314 1808 385 1861; x_wconf 87' lang='lat' dir='ltr'>nec</span> <span class='ocrx_word' id='word_1_61' title='bbox 411 1778 533 1857; x_wconf 63' lang='lat' dir='ltr'>filiam</span> <span class='ocrx_word' id='word_1_62' title='bbox 557 1777 627 1854; x_wconf 83' lang='lat' dir='ltr'>elle</span> <span class='ocrx_word' id='word_1_63' title='bbox 641 1830 653 1868; x_wconf 88' lang='lat'><em>‚</em></span> <span class='ocrx_word' id='word_1_64' title='bbox 695 1805 765 1854; x_wconf 88' lang='lat' dir='ltr'>nec</span> <span class='ocrx_word' id='word_1_65' title='bbox 790 1779 969 1854; x_wconf 89' lang='lat' dir='ltr'>non-vsu</span> <span class='ocrx_word' id='word_1_66' title='bbox 995 1781 1032 1853; x_wconf 93' lang='lat' dir='ltr'>in</span> <span class='ocrx_word' id='word_1_67' title='bbox 1059 1779 1336 1858; x_wconf 82' lang='lat' dir='ltr'>desuetudinem</span> 
     </span>
     <span class='ocr_line' id='line_1_11' title="bbox 210 1900 1337 2003; baseline -0.004 -22"><span class='ocrx_word' id='word_1_68' title='bbox 210 1900 214 1909; x_wconf 82' lang='grc'><em>’</em></span> <span class='ocrx_word' id='word_1_69' title='bbox 314 1903 449 2003; x_wconf 67' lang='lat' dir='ltr'>abiisse.</span> <span class='ocrx_word' id='word_1_70' title='bbox 524 1903 787 1979; x_wconf 83' lang='lat' dir='ltr'>FlLESACVS</span> <span class='ocrx_word' id='word_1_71' title='bbox 818 1900 945 1978; x_wconf 62' lang='lat' dir='ltr'>audior</span> <span class='ocrx_word' id='word_1_72' title='bbox 968 1902 1038 1991; x_wconf 85' lang='lat' dir='ltr'>est,</span> <span class='ocrx_word' id='word_1_73' title='bbox 1077 1902 1214 1983; x_wconf 75' lang='lat' dir='ltr'>earinis</span> <span class='ocrx_word' id='word_1_74' title='bbox 1243 1904 1337 1979; x_wconf 87' lang='lat' dir='ltr'>Vni-</span> 
     </span>
    </p>
   </div>
   <div class='ocr_carea' id='block_1_7' title="bbox 199 2023 1337 2127">
    <p class='ocr_par' dir='ltr' id='par_1_7' title="bbox 199 2023 1337 2127">
     <span class='ocr_line' id='line_1_12' title="bbox 199 2023 1337 2127; baseline 0 -24"><span class='ocrx_word' id='word_1_75' title='bbox 199 2094 206 2103; x_wconf 84' lang='lat'>.</span> <span class='ocrx_word' id='word_1_76' title='bbox 313 2027 522 2105; x_wconf 85' lang='lat' dir='ltr'>uersuatem</span> <span class='ocrx_word' id='word_1_77' title='bbox 544 2026 829 2127; x_wconf 82' lang='lat' dir='ltr'>primogenltam</span> <span class='ocrx_word' id='word_1_78' title='bbox 854 2027 964 2127; x_wconf 88' lang='lat' dir='ltr'>Regis</span> <span class='ocrx_word' id='word_1_79' title='bbox 989 2023 1100 2100; x_wconf 80' lang='lat' dir='ltr'>filiam</span> <span class='ocrx_word' id='word_1_80' title='bbox 1126 2027 1271 2116; x_wconf 86' lang='lat' dir='ltr'>audire,</span> <span class='ocrx_word' id='word_1_81' title='bbox 1295 2045 1337 2103; x_wconf 88' lang='lat' dir='ltr'>et</span> 
     </span>
    </p>
   </div>
   <div class='ocr_carea' id='block_1_8' title="bbox 259 2130 1338 2744">
    <p class='ocr_par' dir='ltr' id='par_1_8' title="bbox 259 2130 1338 2744">
     <span class='ocr_line' id='line_1_13' title="bbox 259 2130 1336 2249; baseline -0.006 -19"><span class='ocrx_word' id='word_1_82' title='bbox 259 2180 262 2191; x_wconf 69' lang='lat'>¹</span> <span class='ocrx_word' id='word_1_83' title='bbox 315 2156 354 2229; x_wconf 92' lang='lat' dir='ltr'>in</span> <span class='ocrx_word' id='word_1_84' title='bbox 383 2150 602 2228; x_wconf 78' lang='lat' dir='ltr'>solemnibus</span> <span class='ocrx_word' id='word_1_85' title='bbox 637 2130 879 2228; x_wconf 84' lang='lat' dir='ltr'>conuentibus</span> <span class='ocrx_word' id='word_1_86' title='bbox 910 2145 1055 2223; x_wconf 77' lang='lat' dir='ltr'>Rellrori</span> <span class='ocrx_word' id='word_1_87' title='bbox 1088 2150 1249 2249; x_wconf 90' lang='lat' dir='ltr'>primum</span> <span class='ocrx_word' id='word_1_88' title='bbox 1281 2147 1336 2224; x_wconf 89' lang='lat' dir='ltr'>lo·</span> 
     </span>
     <span class='ocr_line' id='line_1_14' title="bbox 315 2264 1338 2374; baseline -0.002 -22"><span class='ocrx_word' id='word_1_89' title='bbox 315 2294 403 2352; x_wconf 85' lang='lat' dir='ltr'>cum</span> <span class='ocrx_word' id='word_1_90' title='bbox 427 2296 515 2373; x_wconf 87' lang='lat' dir='ltr'>prae</span> <span class='ocrx_word' id='word_1_91' title='bbox 538 2264 614 2374; x_wconf 78' lang='lat' dir='ltr'>ipso</span> <span class='ocrx_word' id='word_1_92' title='bbox 639 2275 784 2350; x_wconf 91' lang='lat' dir='ltr'>Nuntio</span> <span class='ocrx_word' id='word_1_93' title='bbox 807 2270 1013 2373; x_wconf 84' lang='lat' dir='ltr'>Apostolico</span> <span class='ocrx_word' id='word_1_94' title='bbox 1030 2276 1194 2349; x_wconf 90' lang='lat' dir='ltr'>concedi.</span> <span class='ocrx_word' id='word_1_95' title='bbox 1245 2276 1338 2351; x_wconf 84' lang='lat' dir='ltr'>Non</span> 
     </span>
     <span class='ocr_line' id='line_1_15' title="bbox 314 2393 1337 2497; baseline -0.004 -20"><span class='ocrx_word' id='word_1_96' title='bbox 314 2397 479 2477; x_wconf 90' lang='lat' dir='ltr'>multum</span> <span class='ocrx_word' id='word_1_97' title='bbox 503 2394 654 2473; x_wconf 85' lang='lat' dir='ltr'>inferior</span> <span class='ocrx_word' id='word_1_98' title='bbox 678 2395 730 2474; x_wconf 85' lang='lat' dir='ltr'>&#39;est</span> <span class='ocrx_word' id='word_1_99' title='bbox 754 2396 920 2472; x_wconf 87' lang='lat' dir='ltr'>conditio</span> <span class='ocrx_word' id='word_1_100' title='bbox 946 2393 1110 2472; x_wconf 67' lang='lat' dir='ltr'>Reducis</span> <span class='ocrx_word' id='word_1_101' title='bbox 1135 2398 1234 2497; x_wconf 88' lang='lat' dir='ltr'>apud</span> <span class='ocrx_word' id='word_1_102' title='bbox 1259 2398 1337 2473; x_wconf 91' lang='lat' dir='ltr'>Co·</span> 
     </span>
     <span class='ocr_line' id='line_1_16' title="bbox 313 2517 1337 2621; baseline 0.002 -22"><span class='ocrx_word' id='word_1_103' title='bbox 313 2517 510 2609; x_wconf 85' lang='lat' dir='ltr'>lonienses‚</span> <span class='ocrx_word' id='word_1_104' title='bbox 551 2520 615 2619; x_wconf 89' lang='lat' dir='ltr'>qui</span> <span class='ocrx_word' id='word_1_105' title='bbox 639 2519 724 2596; x_wconf 91' lang='lat' dir='ltr'>loco</span> <span class='ocrx_word' id='word_1_106' title='bbox 751 2520 901 2621; x_wconf 86' lang='lat' dir='ltr'>quidem</span> <span class='ocrx_word' id='word_1_107' title='bbox 925 2544 1002 2594; x_wconf 88' lang='lat' dir='ltr'>non</span> <span class='ocrx_word' id='word_1_108' title='bbox 1027 2538 1173 2620; x_wconf 79' lang='lat' dir='ltr'>tantum</span> <span class='ocrx_word' id='word_1_109' title='bbox 1205 2521 1337 2601; x_wconf 43' lang='lat' dir='ltr'>Archi?</span> 
     </span>
     <span class='ocr_line' id='line_1_17' title="bbox 315 2640 1338 2744; baseline -0.002 -24"><span class='ocrx_word' id='word_1_110' title='bbox 315 2640 485 2744; x_wconf 85' lang='lat' dir='ltr'>episcopo</span> <span class='ocrx_word' id='word_1_111' title='bbox 511 2643 637 2730; x_wconf 90' lang='lat' dir='ltr'>cedit,</span> <span class='ocrx_word' id='word_1_112' title='bbox 664 2643 861 2719; x_wconf 85' lang='lat' dir='ltr'>sedetiam</span> <span class='ocrx_word' id='word_1_113' title='bbox 886 2644 1030 2718; x_wconf 90' lang='lat' dir='ltr'>Nuntio</span> <span class='ocrx_word' id='word_1_114' title='bbox 1056 2641 1208 2743; x_wconf 82' lang='lat' dir='ltr'>Papali3</span> <span class='ocrx_word' id='word_1_115' title='bbox 1248 2643 1338 2718; x_wconf 89' lang='lat' dir='ltr'>hui&#39;c</span> 
     </span>
    </p>
   </div>
   <div class='ocr_carea' id='block_1_9' title="bbox 185 2765 1336 2873">
    <p class='ocr_par' dir='ltr' id='par_1_9' title="bbox 185 2765 1336 2873">
     <span class='ocr_line' id='line_1_18' title="bbox 185 2765 1336 2873; baseline -0.001 -31"><span class='ocrx_word' id='word_1_116' title='bbox 185 2854 188 2873; x_wconf 46' lang='grc' dir='ltr'>Ι</span> <span class='ocrx_word' id='word_1_117' title='bbox 316 2786 444 2842; x_wconf 87' lang='lat' dir='ltr'>tamen</span> <span class='ocrx_word' id='word_1_118' title='bbox 468 2765 680 2864; x_wconf 87' lang='lat' dir='ltr'>proximum</span> <span class='ocrx_word' id='word_1_119' title='bbox 707 2765 844 2864; x_wconf 84' lang='lat' dir='ltr'>semper</span> <span class='ocrx_word' id='word_1_120' title='bbox 870 2785 1050 2864; x_wconf 91' lang='lat' dir='ltr'>occupat,</span> <span class='ocrx_word' id='word_1_121' title='bbox 1086 2786 1198 2866; x_wconf 90' lang='lat' dir='ltr'>prout</span> <span class='ocrx_word' id='word_1_122' title='bbox 1224 2767 1336 2842; x_wconf 80' lang='lat' dir='ltr'>Mn.-</span> 
     </span>
    </p>
   </div>
   <div class='ocr_carea' id='block_1_10' title="bbox 279 2886 1338 3110">
    <p class='ocr_par' dir='ltr' id='par_1_10' title="bbox 279 2886 1338 3110">
     <span class='ocr_line' id='line_1_19' title="bbox 317 2886 1335 2999; baseline 0.002 -36"><span class='ocrx_word' id='word_1_123' title='bbox 317 2887 642 2964; x_wconf 86' lang='lat' dir='ltr'>DENDORPIVS</span> <span class='ocrx_word' id='word_1_124' title='bbox 674 2887 784 2999; x_wconf 81' lang='lat' dir='ltr'>fidem</span> <span class='ocrx_word' id='word_1_125' title='bbox 816 2886 916 2962; x_wconf 84' lang='lat' dir='ltr'>facit.</span> <span class='ocrx_word' id='word_1_126' title='bbox 1000 2889 1155 2963; x_wconf 83' lang='lat' dir='ltr'>Louanii</span> <span class='ocrx_word' id='word_1_127' title='bbox 1194 2909 1335 2979; x_wconf 86' lang='lat' dir='ltr'>autem,</span> 
     </span>
     <span class='ocr_line' id='line_1_20' title="bbox 279 3000 1338 3110; baseline 0.001 -25"><span class='ocrx_word' id='word_1_128' title='bbox 279 3007 408 3087; x_wconf 50' lang='lat' dir='ltr'>ateste</span> <span class='ocrx_word' id='word_1_129' title='bbox 431 3011 760 3109; x_wconf 72' lang='lat' dir='ltr'>VERNVLAEQ</span> <span class='ocrx_word' id='word_1_130' title='bbox 802 3033 849 3085; x_wconf 86' lang='lat' dir='ltr'>ne</span> <span class='ocrx_word' id='word_1_131' title='bbox 878 3002 1021 3086; x_wconf 75' lang='lat' dir='ltr'>Nuntio</span> <span class='ocrx_word' id='word_1_132' title='bbox 1056 3013 1205 3110; x_wconf 90' lang='lat' dir='ltr'>quidem</span> <span class='ocrx_word' id='word_1_133' title='bbox 1237 3000 1338 3088; x_wconf 77' lang='lat' dir='ltr'>&#39;cedit</span> 
     </span>
    </p>
   </div>
   <div class='ocr_carea' id='block_1_11' title="bbox 316 3130 1336 3234">
    <p class='ocr_par' dir='ltr' id='par_1_11' title="bbox 179 3130 1336 3245">
     <span class='ocr_line' id='line_1_21' title="bbox 316 3130 1336 3234; baseline -0.005 -18.71"><span class='ocrx_word' id='word_1_134' title='bbox 316 3130 471 3222; x_wconf 75' lang='lat' dir='ltr'>Reum,</span> <span class='ocrx_word' id='word_1_135' title='bbox 505 3133 568 3208; x_wconf 84' lang='lat' dir='ltr'>nis</span> <span class='ocrx_word' id='word_1_136' title='bbox 601 3135 630 3209; x_wconf 92' lang='lat' dir='ltr'>is</span> <span class='ocrx_word' id='word_1_137' title='bbox 664 3133 765 3208; x_wconf 80' lang='lat' dir='ltr'>smul</span> <span class='ocrx_word' id='word_1_138' title='bbox 800 3133 911 3209; x_wconf 87' lang='lat' dir='ltr'>fuerit</span> <span class='ocrx_word' id='word_1_139' title='bbox 938 3135 1100 3234; x_wconf 81' lang='lat' dir='ltr'>Legatos</span> <span class='ocrx_word' id='word_1_140' title='bbox 1134 3163 1155 3210; x_wconf 92' lang='lat' dir='ltr'>a</span> <span class='ocrx_word' id='word_1_141' title='bbox 1186 3135 1336 3225; x_wconf 83' lang='lat' dir='ltr'>Latere,</span> 
     </span>
    </p>
   </div>
   <div class='ocr_carea' id='block_1_12' title="bbox 226 3247 1337 3729">
    <p class='ocr_par' dir='ltr' id='par_1_12' title="bbox 226 3247 1337 3729">
     <span class='ocr_line' id='line_1_22' title="bbox 316 3247 1336 3358; baseline 0.001 -25"><span class='ocrx_word' id='word_1_142' title='bbox 316 3247 387 3333; x_wconf 75' lang='lat' dir='ltr'>ceu</span> <span class='ocrx_word' id='word_1_143' title='bbox 410 3256 524 3357; x_wconf 83' lang='lat' dir='ltr'>vulgo</span> <span class='ocrx_word' id='word_1_144' title='bbox 552 3257 787 3356; x_wconf 83' lang='lat' dir='ltr'>appellamus.</span> <span class='ocrx_word' id='word_1_145' title='bbox 862 3253 1057 3332; x_wconf 84' lang='lat' dir='ltr'>Notiffima</span> <span class='ocrx_word' id='word_1_146' title='bbox 1087 3258 1244 3358; x_wconf 88' lang='lat' dir='ltr'>denique</span> <span class='ocrx_word' id='word_1_147' title='bbox 1270 3259 1336 3351; x_wconf 88' lang='lat' dir='ltr'>est,</span> 
     </span>
     <span class='ocr_line' id='line_1_23' title="bbox 226 3362 1337 3487; baseline 0.005 -34"><span class='ocrx_word' id='word_1_148' title='bbox 226 3418 229 3423; x_wconf 96' lang='lat'>·</span> <span class='ocrx_word' id='word_1_149' title='bbox 297 3402 414 3487; x_wconf 24' lang='lat' dir='ltr'>iquae</span> <span class='ocrx_word' id='word_1_150' title='bbox 446 3381 540 3463; x_wconf 83' lang='lat' dir='ltr'>inter</span> <span class='ocrx_word' id='word_1_151' title='bbox 578 3362 795 3481; x_wconf 84' lang='lat' dir='ltr'>Episcopum</span> <span class='ocrx_word' id='word_1_152' title='bbox 827 3381 1127 3482; x_wconf 84' lang='lat' dir='ltr'>Bambergensem</span> <span class='ocrx_word' id='word_1_153' title='bbox 1167 3400 1207 3457; x_wconf 88' lang='lat' dir='ltr'>et</span> <span class='ocrx_word' id='word_1_154' title='bbox 1241 3386 1337 3458; x_wconf 90' lang='lat' dir='ltr'>Vni·</span> 
     </span>
     <span class='ocr_line' id='line_1_24' title="bbox 308 3501 1337 3605; baseline 0.007 -28"><span class='ocrx_word' id='word_1_155' title='bbox 308 3501 496 3578; x_wconf 81' lang='lat' dir='ltr'>‘uerlitatis</span> <span class='ocrx_word' id='word_1_156' title='bbox 529 3503 741 3578; x_wconf 73' lang='lat' dir='ltr'>Viennensis</span> <span class='ocrx_word' id='word_1_157' title='bbox 772 3501 964 3579; x_wconf 68' lang='lat' dir='ltr'>Redtorem</span> <span class='ocrx_word' id='word_1_158' title='bbox 996 3504 1044 3578; x_wconf 86' lang='lat' dir='ltr'>de</span> <span class='ocrx_word' id='word_1_159' title='bbox 1076 3502 1155 3578; x_wconf 86' lang='lat' dir='ltr'>iure</span> <span class='ocrx_word' id='word_1_160' title='bbox 1188 3528 1337 3605; x_wconf 86' lang='lat' dir='ltr'>praece·</span> 
     </span>
     <span class='ocr_line' id='line_1_25' title="bbox 319 3622 1337 3729; baseline 0.007 -32"><span class='ocrx_word' id='word_1_161' title='bbox 319 3624 431 3699; x_wconf 89' lang='lat' dir='ltr'>dendi</span> <span class='ocrx_word' id='word_1_162' title='bbox 454 3644 584 3701; x_wconf 84' lang='lat' dir='ltr'>exorta</span> <span class='ocrx_word' id='word_1_163' title='bbox 607 3625 695 3700; x_wconf 92' lang='lat' dir='ltr'>olim</span> <span class='ocrx_word' id='word_1_164' title='bbox 720 3623 772 3700; x_wconf 87' lang='lat' dir='ltr'>eil</span> <span class='ocrx_word' id='word_1_165' title='bbox 795 3622 857 3714; x_wconf 89' lang='lat' dir='ltr'>lis,</span> <span class='ocrx_word' id='word_1_166' title='bbox 890 3628 953 3705; x_wconf 83' lang='lat' dir='ltr'>vbi</span> <span class='ocrx_word' id='word_1_167' title='bbox 979 3629 1183 3729; x_wconf 88' lang='lat' dir='ltr'>Imperator</span> <span class='ocrx_word' id='word_1_168' title='bbox 1204 3630 1337 3704; x_wconf 88' lang='lat' dir='ltr'>maluit</span> 
     </span>
    </p>
   </div>
   <div class='ocr_carea' id='block_1_13' title="bbox 176 3738 1337 3851">
    <p class='ocr_par' dir='ltr' id='par_1_13' title="bbox 176 3738 1337 3851">
     <span class='ocr_line' id='line_1_26' title="bbox 176 3738 1337 3851; baseline 0.004 -27"><span class='ocrx_word' id='word_1_169' title='bbox 176 3738 178 3745; x_wconf 66' lang='grc'><strong>’</strong></span> <span class='ocrx_word' id='word_1_170' title='bbox 319 3747 424 3824; x_wconf 86' lang='lat' dir='ltr'>illum</span> <span class='ocrx_word' id='word_1_171' title='bbox 465 3774 486 3822; x_wconf 87' lang='lat' dir='ltr'>a</span> <span class='ocrx_word' id='word_1_172' title='bbox 520 3746 781 3848; x_wconf 84' lang='lat' dir='ltr'>supplicatione</span> <span class='ocrx_word' id='word_1_173' title='bbox 821 3748 918 3826; x_wconf 79' lang='lat' dir='ltr'>sacra</span> <span class='ocrx_word' id='word_1_174' title='bbox 959 3751 1104 3840; x_wconf 79' lang='lat' dir='ltr'>abesse,</span> <span class='ocrx_word' id='word_1_175' title='bbox 1142 3774 1253 3851; x_wconf 85' lang='lat' dir='ltr'>quam</span> <span class='ocrx_word' id='word_1_176' title='bbox 1291 3773 1337 3829; x_wconf 85' lang='lat' dir='ltr'>vt</span> 
     </span>
    </p>
   </div>
   <div class='ocr_carea' id='block_1_14' title="bbox 320 3868 1339 4326">
    <p class='ocr_par' dir='ltr' id='par_1_14' title="bbox 320 3868 1338 4227">
     <span class='ocr_line' id='line_1_27' title="bbox 320 3868 1337 3974; baseline 0.004 -25"><span class='ocrx_word' id='word_1_177' title='bbox 320 3872 543 3949; x_wconf 83' lang='lat' dir='ltr'>Academiae</span> <span class='ocrx_word' id='word_1_178' title='bbox 564 3870 647 3947; x_wconf 85' lang='lat' dir='ltr'>suae</span> <span class='ocrx_word' id='word_1_179' title='bbox 672 3869 820 3971; x_wconf 84' lang='lat' dir='ltr'>aliquod</span> <span class='ocrx_word' id='word_1_180' title='bbox 845 3892 1031 3949; x_wconf 85' lang='lat' dir='ltr'>crearetur</span> <span class='ocrx_word' id='word_1_181' title='bbox 1054 3868 1337 3974; x_wconf 87' lang='lat' dir='ltr'>praeiudicium.</span> 
     </span>
     <span class='ocr_line' id='line_1_28' title="bbox 321 3996 1338 4076; baseline 0.004 -4"><span class='ocrx_word' id='word_1_182' title='bbox 321 3996 427 4072; x_wconf 88' lang='lat' dir='ltr'>Licet</span> <span class='ocrx_word' id='word_1_183' title='bbox 463 4013 590 4069; x_wconf 88' lang='lat' dir='ltr'>autem</span> <span class='ocrx_word' id='word_1_184' title='bbox 626 4017 701 4068; x_wconf 92' lang='lat' dir='ltr'>non</span> <span class='ocrx_word' id='word_1_185' title='bbox 735 3997 900 4071; x_wconf 89' lang='lat' dir='ltr'>omnium</span> <span class='ocrx_word' id='word_1_186' title='bbox 933 3997 1222 4074; x_wconf 82' lang='lat' dir='ltr'>Vniuersrtatum</span> <span class='ocrx_word' id='word_1_187' title='bbox 1256 4001 1338 4076; x_wconf 81' lang='lat' dir='ltr'>iura</span> 
     </span>
     <span class='ocr_line' id='line_1_29' title="bbox 322 4108 1337 4227; baseline 0.007 -35"><span class='ocrx_word' id='word_1_188' title='bbox 322 4108 374 4193; x_wconf 88' lang='lat' dir='ltr'>eo</span> <span class='ocrx_word' id='word_1_189' title='bbox 393 4116 507 4220; x_wconf 80' lang='lat' dir='ltr'>usquo</span> <span class='ocrx_word' id='word_1_190' title='bbox 531 4116 567 4199; x_wconf 84' lang='lat' dir='ltr'>se</span> <span class='ocrx_word' id='word_1_191' title='bbox 592 4114 653 4196; x_wconf 82' lang='lat' dir='ltr'>vel</span> <span class='ocrx_word' id='word_1_192' title='bbox 676 4117 876 4196; x_wconf 82' lang='lat' dir='ltr'>extendant</span> <span class='ocrx_word' id='word_1_193' title='bbox 897 4120 960 4227; x_wconf 73' lang='lat' dir='ltr'>uel</span> <span class='ocrx_word' id='word_1_194' title='bbox 983 4119 1242 4215; x_wconf 67' lang='lat' dir='ltr'>absumatur,</span> <span class='ocrx_word' id='word_1_195' title='bbox 1267 4125 1337 4199; x_wconf 87' lang='lat' dir='ltr'>suf-</span> 
     </span>
    </p>

    <p class='ocr_par' dir='ltr' id='par_1_15' title="bbox 423 4244 1339 4326">
     <span class='ocr_line' id='line_1_30' title="bbox 423 4244 1339 4326; baseline 0.003 -4"><span class='ocrx_word' id='word_1_196' title='bbox 423 4278 428 4285; x_wconf 93' lang='lat'>·</span> <span class='ocrx_word' id='word_1_197' title='bbox 753 4280 756 4287; x_wconf 96' lang='lat'><em>·</em></span> <span class='ocrx_word' id='word_1_198' title='bbox 813 4276 822 4290; x_wconf 87' lang='lat'>·</span> <span class='ocrx_word' id='word_1_199' title='bbox 1259 4244 1339 4326; x_wconf 84' lang='lat' dir='ltr'>licit</span> 
     </span>
    </p>
   </div>
   <div class='ocr_carea' id='block_1_15' title="bbox 0 0 1542 5142">
    <p class='ocr_par' dir='ltr' id='par_1_16' title="bbox 0 0 1542 5142">
     <span class='ocr_line' id='line_1_31' title="bbox 0 0 1542 5142; baseline 0 0"><span class='ocrx_word' id='word_1_200' title='bbox 0 0 1542 5142; x_wconf 95' lang='lat' dir='ltr'> </span> 
     </span>
    </p>
   </div>
  </div>
 </body>
</html>
