3059 5142
468 603 513 692 de
530 598 602 691 Bil
579 540 867 713 lliotherirl
784 603 842 719 pu
844 599 962 695 l.lt‘ct's
1161 631 1221 721 75

302 819 423 901 Grata
448 819 558 894 huius
594 821 770 920 Principis
800 823 979 895 memoria
1010 823 1116 939 nobis
1146 826 1219 903 elie

134 965 139 984 ·
195 943 310 1021 debet
335 944 392 1041 οδ
423 942 621 1023 literariam
656 966 742 1052 cum
767 918 1067 1047 Wir'tembergia
1096 946 1216 1026 nostra

133 1070 141 1117 ²
194 1067 487 1156 connexionem,
522 1090 617 1166 quae
649 1066 776 1170 quanti
799 1091 820 1143 a
843 1068 1091 1147 Brunsuicens
1093 1094 1109 1144 s
1135 1074 1216 1149 Du·

193 1209 300 1267 catus
328 1191 480 1269 eruditis
515 1188 742 1281 aestimetur,
770 1190 852 1291 quia
876 1174 1054 1287 jaiiurani
1080 1194 1212 1288 doleo,
1254 1272 1261 1289 ,

192 1312 396 1393 Hermanni
420 1311 578 1391 Hardtii
601 1337 712 1415 quam
746 1314 838 1385 meis
870 1314 992 1389 verbis
1026 1339 1210 1419 exponere

133 1427 142 1476 ²
191 1437 312 1515 malor
347 1438 403 1512 lta
427 1459 518 1515 veto
543 1435 713 1514 laudatus
740 1432 879 1511 notior
903 1436 941 1509 in
964 1439 1212 1516 memorabili.
1247 1442 1250 1453 '

191 1560 254 1636 bus
295 1560 546 1636 Bibliothecae
584 1558 896 1637 Helmstadiensrsr
953 1562 1033 1649 „ln
1069 1564 1209 1641 Scrinia

133 1693 142 1706 “
189 1680 449 1783 Manuscriptis
476 1684 599 1757 dicato
626 1681 659 1757 se
685 1679 807 1759 sistunt
832 1685 1110 1783 quatuordecim
1129 1687 1208 1762 Vo-

133 1813 141 1827 '
186 1802 327 1882 lumina
360 1806 592 1908 epistolarum
622 1801 837 1879 Sereniffimi
869 1807 1044 1910 Principis¹
1077 1804 1205 1911 Augu·

133 1938 138 1951 '
185 1930 251 2018 lli,
274 1928 341 2004 'ad
366 1930 585 2006 miraculum
620 1929 716 2005 inter
738 1931 920 2032 principes
953 1931 1071 2022 dorii,
1112 1956 1203 2031 quas
1291 1984 1296 2003 r

184 2052 290 2131 celsa'
303 2052 365 2131 sua
388 2078 502 2130 manu
524 2052 572 2127 ad
595 2051 859 2131 Venerabilem
875 2059 1058 2137 Abbatetn
1073 2060 1201 2133 War-

181 2175 492 2278 tembergensem,
519 2172 718 2253 notiorem
744 2179 825 2258 loh.
849 2180 1090 2256 Valentinum
1124 2189 1202 2258 An·

180 2304 313 2390 dreae‚
341 2298 596 2378 Consiliarium
623 2299 779 2398 Augusti
803 2300 1106 2394 Ecclesiasticum,
1132 2330 1200 2382 va.
1302 2372 1307 2387 ,
1390 2344 1394 2359 ·

175 2426 237 2502 riis
265 2426 315 2504 de
340 2424 658 2523 rebuseleganter
679 2422 767 2499 olim
782 2425 1000 2526 perscripsit,
1020 2416 1196 2531 Princeps

132 2566 134 2585 ³
170 2549 410 2639 literatorum
435 2547 621 2649 quondam
635 2569 724 2623 vere
737 2547 909 2652 Princeps
932 2573 975 2625 ac
991 2549 1126 2627 celsum
1143 2553 1196 2631 sa·

132 2674 134 2679 ’
170 2673 334 2773 stigium.
386 2674 469 2746 Hae
509 2694 594 2744 cum
630 2668 709 2744 aliis
735 2671 969 2769 personarum
1003 2673 1195 2757 illustrium

133 2860 138 2869 .
167 2796 331 2902 epistolis
357 2823 378 2870 a
402 2795 552 2873 laudato
567 2790 980 2875 AbbateBebenhusano
996 2799 1190 2893 colteuae,

165 2928 212 3005 ab
239 2923 339 2998 illius
366 2923 490 3010 obitu,
513 2918 716 2997 haeredum
740 2917 962 3010 voluntate,
1006 2948 1089 3003 aere
1113 2951 1191 3007 non

162 3072 284 3151 paruo
321 3046 402 3123 sunt
434 3062 681 3144 recuperatae.
741 3040 1032 3144 Elegantiliimus
1064 3051 1200 3130 variaex

155 3172 357 3248 ulollrinae
381 3174 421 3248 δε
445 3169 605 3244 excelsae
629 3166 824 3266 sapientiae
837 3166 1050 3265 thesaurus,
1075 3176 1186 3253 variis

157 3296 336 3385 iconibus
362 3294 580 3405 perpulchre
605 3287 800 3372 distinctus.

1093 3397 1183 3476 uta
1302 3408 1350 3449 ν

240 3635 369 3705 cusantia
386 3630 575 3701 venditione,
593 3645 689 3711 quam
703 3625 777 3693 boni
789 3624 901 3709 publici
917 3644 1017 3693 amore
1031 3632 1182 3697 auersaba.

239 3761 312 3815 rur
338 3737 415 3800 forte
432 3735 588 3799 adueniens
613 3730 854 3815 sacraAugullae
868 3731 934 3792 suae
957 3735 1180 3819 contaminaret.

237 3847 340 3929 Qaam
360 3840 531 3927 generosam
549 3836 685 3914 pietatem
702 3833 839 3917 pristinae
852 3835 917 3912 poli
933 3833 1063 3903 felicitati
1081 3838 1177 3900 reddi·

236 3965 288 4011 tus
312 3942 489 4015 Cardinalis,
522 3938 590 4001 aliis
616 3937 715 4019 gratiis
740 3938 910 4026 &agnouit
932 3937 965 4000 &
983 3939 1103 4004 miratus
1126 3940 1177 4002 est.

234 4050 319 4115 conf.
335 4060 464 4117 urum.
485 4052 683 4111 roxxruo
698 4040 848 4120 epistolam
867 4042 905 4106 ad
924 4042 989 4107 Du.
1016 4041 1054 4107 de
1071 4043 1178 4113 Boinoa

131 4212 135 4223 .
235 4158 321 4237 burg
335 4155 375 4217 de
392 4145 531 4215 biblioth.
546 4147 626 4229 Aug.
641 4143 853 4227 Guelpherbyt.
