3059 5142
351 572 444 683 378
633 555 742 645 ioan.
770 555 886 685 ΑΨ
914 556 1098 674 Ernesti·
1133 580 1135 587 ·

349 754 488 837 morari
501 748 639 855 potest,
666 753 770 826 cuius
784 753 1036 854 nonepistolae
1052 757 1197 833 adeum
1218 759 1375 863 scriptae

348 878 539 966 inscriniis
554 876 634 950 eius
646 894 811 975 repertae
826 874 912 963 fint,
939 902 1034 979 quae
1047 878 1154 980 plane
1170 885 1373 977 docerent,

346 1023 529 1107 quantum
548 999 628 1073 eius
642 993 828 1073 dodirinae
843 998 993 1100 aliisque
1010 1004 1209 1083 virtutibus
1231 1010 1384 1099 tribue,

345 1131 434 1207 rint.
483 1117 727 1223 Ipseviciffim
740 1118 901 1221 impense
911 1120 1061 1201 fauebat
1072 1128 1227 1229 ingeniis
1234 1178 1247 1222 ,
1264 1155 1370 1233 prae·

347 1253 470 1331 sertim
490 1249 557 1336 iis,
589 1268 684 1345 quae
709 1243 924 1345 elegantiori
956 1244 1144 1328 domnae
1168 1256 1369 1357 capiendae

347 1397 454 1479 apta,
478 1369 541 1453 vel
550 1366 702 1443 studiosa
717 1369 955 1447 humanitatis
971 1370 1085 1451 effert
1090 1420 1105 1464 ,
1132 1399 1249 1481 eaque
1263 1382 1367 1457 omni

345 1490 703 1582 rationeincitabat,
735 1492 887 1567 iuuabat
906 1495 1018 1571 etiam
1041 1497 1194 1575 confiliis
1216 1501 1257 1579 dr
1277 1501 1367 1581 libe·

345 1624 490 1703 ral'itate
520 1616 595 1693 sua.
648 1617 724 1693 vix
744 1640 941 1693 numerum
964 1619 1064 1695 incas
1086 1644 1238 1714 eorum,
1253 1670 1257 1677 ·
1271 1651 1365 1727 quos

345 1742 602 1846 suffragatione
616 1737 732 1815 suaad
746 1738 1165 1818 fortunamlueulcnttm
1179 1754 1363 1847 prouexit.

342 1874 391 1951 Et
403 1889 483 1946 erut
501 1869 582 1943 eiut
598 1883 703 1939 tanta
715 1864 869 1963 &apud
885 1888 952 1943 nos
968 1842 1011 1941 dt
1022 1867 1120 1967 opud
1134 1889 1282 1957 exteros
1299 1896 1363 1947 au·

341 1994 512 2081 coritas,
536 1986 703 2088 adeoque
711 1984 814 2087 saepe
827 1988 906 2065 eius
922 1989 1097 2065 iudicium
1113 1991 1160 2079 de
1174 1994 1364 2095 dignitati.

340 2121 409 2196 bus
424 2114 618 2192 hominum
632 2109 906 2211 requirebatur,
931 2131 976 2188 vt
991 2114 1025 2189 ei
1040 2111 1194 2201 facultas
1211 2115 1294 2213 ralis
1319 2117 1360 2195 li·

339 2240 540 2319 beralitatis
568 2234 685 2313 deeffe
718 2256 793 2309 non
817 2232 944 2334 poffet.
1006 2239 1092 2334 Qua
1112 2261 1152 2314 re
1177 2261 1360 2339 quantum

337 2366 451 2443 etiem
470 2362 584 2441 literis
599 2355 876 2459 &reipublicae
890 2357 1087 2458 profuerit,
1112 2357 1217 2449 facile
1230 2362 1281 2441 est
1296 2388 1357 2440 ex·

337 2488 508 2567 istimare.

340 2598 343 2607 ’
439 2608 512 2689 sed
525 2607 579 2685 rei
594 2604 768 2682 Ciuitatis
782 2606 924 2683 nostrae
947 2607 1113 2708 publicae
1136 2608 1249 2684 etiam
1268 2633 1355 2688 con·

334 2734 485 2815 sulendo
499 2733 539 2807 ὃ(
559 2728 701 2830 agendo
717 2726 915 2826 plurimum
932 2730 1083 2829 profuit.
1110 2735 1206 2807 Nam
1218 2733 1258 2809 ὅ(
1272 2761 1356 2812 mu-

333 2883 443 2947 nera,
467 2878 562 2957 quae
576 2854 611 2929 ci
628 2850 771 2952 publice
785 2852 1093 2945 mandaturum,
1119 2855 1248 2931 dextre
1266 2857 1354 2936 fide·

334 2983 490 3080 literque
504 2971 787 3063 administrauit,
814 2975 853 3049 δι
868 2998 1087 3078 quacunque
1101 2979 1139 3053 in
1152 3001 1192 3053 re
1206 2985 1351 3080 potuit,

332 3130 411 3182 rem
426 3099 703 3178 Ecclesrasticam
726 3096 1072 3200 Scholasticamque,
1112 3102 1151 3179 δι
1173 3105 1352 3206 reliquam

333 3226 493 3308 ciuitatis
507 3219 716 3310 vniuersae,
742 3223 909 3315 adiuuit,
933 3242 976 3301 vt
1002 3222 1150 3301 difficile
1167 3225 1209 3301 fit
1223 3230 1349 3304 decer-

332 3374 440 3437 nere,
463 3367 591 3422 vtrum
618 3347 805 3422 ornauerit
827 3348 945 3448 magis
966 3346 1084 3448 gloria
1107 3350 1267 3426 nominis
1297 3352 1348 3426 sui

330 3474 513 3551 Ordinem
528 3466 815 3567 Ampliffimum,
839 3493 886 3544 an
901 3468 1081 3566 profuerit
1095 3472 1129 3547 ei
1150 3472 1348 3572 prudentia

327 3595 561 3671 coniiiiorum
582 3592 622 3667 dt
644 3588 850 3669 salubritate
872 3590 1070 3670 ostiorum.
1138 3597 1286 3695 Qribus
1309 3597 1345 3672 in

328 3720 436 3796 rebus
453 3714 513 3792 ilie
530 3716 689 3791 maxime
703 3715 897 3816 regebatur
912 3718 1228 3796 &incendebatur
1243 3745 1343 3799 amo·

327 3869 367 3918 re
382 3842 491 3915 huius
506 3840 690 3928 ciuitatis,
712 3863 807 3938 quae
822 3839 948 3939 &ipsa
962 3863 1028 3941 per
1043 3841 1078 3918 se
1089 3845 1122 3919 ei
1139 3843 1343 3934 videretur,

327 3968 381 4040 vti
397 3964 468 4054 est,
495 3986 620 4040 amore
634 3964 764 4064 digna,
788 3964 826 4043 ἃ
841 3963 876 4040 se
891 3982 967 4039 tum
978 3964 1171 4067 benignam
1187 3969 1220 4043 ei
1238 3990 1343 4068 prae·

325 4088 467 4167 buiffet.
518 4088 756 4191 Qumqutm
785 4085 846 4167 ille
868 4086 1071 4169 uniuersam
1090 4091 1248 4193 patriam
1276 4115 1342 4167 no·

1169 4210 1341 4299 ιίὶῐιεπι
