3059 5142
320 644 323 653 '
353 595 438 737 126
496 603 673 712 &melini
690 624 827 712 Oratio
840 619 1063 710 dertosanae
1083 619 1289 712 humanae

449 802 605 898 Possem·
625 846 671 897 ex
706 820 797 910 illis,
836 844 930 921 quae
960 817 1134 894 haetenus
1173 822 1366 914 manauit

347 948 498 1049 longam
523 940 1202 1042 nesterevtiliffimorumporismatum
1216 946 1366 1041 serien,

347 1074 483 1149 ¹'uereor
509 1088 654 1159 autem,
689 1095 736 1145 ne
759 1072 855 1143 inter
868 1071 1071 1157 {dicendum
1097 1090 1285 1145 crescente
1314 1073 1382 1165 di·¹

342 1192 458 1271 'cendi
482 1194 635 1267 materia
660 1192 752 1295 justo
778 1191 840 1264 fim
860 1190 1006 1294 longior
1016 1245 1037 1283 ,,
1069 1195 1108 1269 &
1134 1194 1246 1268 sentio
1271 1198 1369 1295 patit'·

348 1300 498 1415 entiam'
518 1316 687 1393 Vestram
725 1312 767 1388 A.
792 1314 845 1390 Ο.
873 1314 924 1391 Ο.
950 1319 989 1392 tir
1022 1320 1070 1392 D.
1102 1316 1212 1418 longe
1237 1316 1371 1394 Aestu-

343 1438 554 1527 'matillimi‚
580 1464 654 1513 non
678 1436 779 1539 posse
803 1459 880 1514 non
900 1433 1079 1541 languere
1086 1464 1111 1531 3·
1133 1440 1277 1515 vtinam
1302 1452 1370 1519 ve·

347 1569 447 1642 niam
475 1559 623 1639 aVobis
649 1565 861 1662 impetrem,
889 1545 974 1638 curn
988 1564 1236 1639 meditationis
1262 1574 1370 1641 meae
1384 1558 1406 1651 ’ᾗ

345 1693 530 1790 impetum
570 1687 712 1762 secutus
748 1684 787 1760 in
823 1686 1063 1779 abstrusorum
1095 1688 1370 1786 phaenomeno·

350 1838 436 1888 rum
453 1796 628 1888 ‘eruendis
654 1808 857 1899 rationibus
883 1810 1037 1884 nimium
1063 1808 1159 1885 sorte
1183 1810 1370 1903 conieilu·

328 1937 398 2014 'ris
424 1937 529 2010 dedit
555 1929 699 2010 Dabitis
723 1952 848 2006 tamen
864 1927 1027 2033 insuper,
1052 1956 1119 2025 vt,
1147 1958 1232 2010 cum
1246 1930 1372 2047 hasie-

349 2084 420 2134 nus
452 2061 498 2133 de
533 2058 674 2134 animae
709 2051 864 2157 imperio
890 2076 966 2132 non
989 2052 1198 2134 voluntario
1226 2060 1263 2134 in
1288 2078 1371 2137 ner·

339 2205 421 2261 ¹vos
445 2181 563 2258 multa
587 2179 659 2255 feci
682 2170 817 2270 rerba,
838 2164 949 2254 ¹nunc
981 2180 1093 2255 etiam
1119 2180 1271 2282 copiofis
1299 2184 1370 2293 illis

258 2286 278 2338 7
350 2302 539 2381 affeiiibus
571 2294 776 2404 imperium
801 2300 1023 2394 concedam,
1050 2305 1112 2404 qui
1149 2305 1258 2383 testes·
1300 2306 1371 2385 effe

349 2425 483 2532 poffmt
521 2429 682 2507 summae
717 2429 853 2503 mentis
878 2423 1137 2521 submissionis,
1168 2430 1369 2536 Obsequii,
1396 2546 1399 2555 Ι

1244 2553 1373 2634 Vene-

446 2726 528 2808 tique
545 2728 643 2790 cordi:
664 2700 748 2791 lircile
763 2721 835 2791 binc
849 2723 989 2813 intelligis
1008 2701 1113 2794 tutelis
1129 2708 1371 2814 palpitationem,

442 2850 546 2894 eontra
571 2833 721 2893 insolitum
739 2834 858 2927 nitentis¹
876 2833 1072 2904 obstaculum,
1100 2854 1133 2897 vt
1157 2838 1300 2921 sanguine
1319 2860 1372 2918 per

441 2953 540 2996 nortae
565 2954 702 2996 truncum
718 2937 876 2998 retrorsum
893 2936 993 3013 pulso,
1022 2938 1125 3000 liberet
1144 2943 1192 3012 se;
1223 2941 1372 3022 denique,

441 3035 464 3096 fi
488 3034 577 3097 suerit
596 3032 726 3100 st'rit‘iura
749 3032 891 3107 validior,
926 3037 1083 3116 perfossam
1109 3040 1196 3104 efficit
1221 3044 1372 3128 sanguinis

438 3140 590 3220 quietem,
620 3139 716 3221 frigus
740 3141 833 3236 animi
866 3140 1039 3220 deliquium,
1088 3145 1132 3205 ita
1156 3146 1203 3216 δί,
1233 3147 1254 3208 st
1284 3170 1371 3212 venat

439 3262 495 3323 per
518 3262 681 3305 neruorum
703 3241 876 3303 transmissas
905 3238 1040 3324 loqueos,
1070 3246 1173 3331 stringi
1197 3248 1313 3332 fingas,
1337 3254 1372 3314 li·

336 3405 339 3411 ,
399 3400 403 3407 ,
440 3344 519 3405 beris
537 3340 756 3414 sociishrteriis',
777 3343 861 3425 facile
879 3343 949 3407 inde
962 3344 1092 3428 sequitur
1120 3353 1230 3412 cruoris
1250 3348 1284 3415 in
1307 3377 1373 3418 eum

445 3463 560 3524 partem
589 3447 754 3529 congestio,
783 3446 852 3539 hinc¹
881 3452 1032 3513 tumor&
1054 3449 1156 3514 rubor.
1204 3454 1283 3539 Sunt
1300 3479 1372 3535 pero

444 3548 533 3609 etiam
551 3550 629 3608 castis
650 3551 703 3610 vbi
720 3550 805 3610 nerui
824 3551 855 3611 bi
870 3554 1035 3615 relaxantur
1049 3556 1158 3626 nimis,
1178 3554 1292 3621 faciunt
1308 3579 1373 3627 tum

441 3652 586 3713 contraria
598 3653 763 3729 prioribus,
784 3653 885 3734 quod,
912 3673 947 3716 vt
968 3658 1022 3718 rite
1041 3659 1241 3739 intelligatur,
1271 3665 1373 3727 aduer-

441 3753 566 3814 tendum
594 3753 680 3815 fimul
709 3755 750 3815 est
782 3755 818 3817 ad
848 3776 965 3853 motum
995 3762 1126 3821 tonirum
1160 3763 1196 3822 ab
1233 3769 1374 3829 omnibus

441 3873 611 3933 receptum,
631 3858 743 3936 inquo
758 3860 943 3924 rnediocritas
966 3865 1081 3925 roboris
1098 3867 1233 3928 omnium
1249 3868 1375 3933 humani

443 3960 575 4036 torporis
602 3950 738 4037 'partium
763 3962 853 4039 pofitu
876 3964 916 4027 est
955 3967 1035 4029 suam
1066 3970 1207 4030 nimirum
1240 3992 1376 4061 quaeque

329 4130 332 4135 ¹
444 4062 549 4122 arteria
559 4100 569 4130 ,
595 4061 639 4120 vti
656 4061 805 4144 sanguinis
825 4087 842 4129 a
851 4069 943 4169 forde
961 4071 1127 4167 adlabentis
1143 4076 1303 4165 velocitas,
1333 4078 1385 4140 itt·

332 4242 335 4247 ¹
443 4163 533 4227 etiarn
552 4162 689 4229 renuturn
714 4163 819 4242 habet,
844 4190 914 4235 eum
933 4174 1069 4239 renisum
1084 4195 1199 4258 praeter
1221 4180 1377 4243 arteriosae

1249 4342 1251 4347 .
1298 4304 1370 4348 runt
