3059 5142
303 583 321 604 ''
431 568 635 668 Memoria
663 566 933 735 Masrorrlana.
1110 568 1194 701 '373
1257 686 1263 695 ,,
1369 546 1374 553 ¹

174 778 217 859 in
238 776 411 865 omnibus
441 776 559 881 vritur
585 775 722 850 iudicio
739 751 841 864 luo,
874 728 980 849 nihil
987 752 1074 850 tarn
1083 728 1200 855 labri·
1244 828 1249 841 ,
1313 788 1341 805 ·’
1385 788 1388 797 ·

176 926 284 992 rans,
315 918 424 1002 quam
450 914 494 975 vt
518 896 618 977 fides
634 896 778 973 traditis
813 895 971 989 conllet,
1013 892 1169 1001 fitque
1148 868 1201 975 ti·
1308 958 1317 973 ¹,

177 1024 258 1103 tulo
284 1027 435 1126 dignum
461 1042 575 1151 opua,
623 1019 662 1093 h.
704 1042 736 1095 e.
769 1018 955 1095 historiam
979 1010 1200 1125 co'rnplecia·

175 1167 262 1237 rur,
284 1149 440 1222 veritate
465 1140 638 1244 patiirsr
615 1143 638 1216 Γ
640 1133 767 1244 nrplrcr
786 1140 987 1233 ¹vtilern,
958 1168 1069 1245 quarn
1094 1144 1198 1225 fabu
1251 1234 1257 1241 ,

177 1270 224 1348 lis
251 1268 432 1371 ingeniose
458 1267 698 1369 excogitatis,
732 1270 815 1371 quo
840 1268 948 1344 nimis
975 1268 1199 1393 inclinau'e're

176 1389 343 1496 ingenia,
369 1392 540 1466 decoram
566 1390 606 1465 δι
631 1370 791 1468 suarem.
850 1376 932 1471 Nec
961 1382 1083 1489 minus
1090 1420 1199 1517 per

178 1517 361 1618 spicuitati
387 1513 591 1590 consultum
614 1508 683 1606 est,
723 1498 851 1592 crdine
875 1540 998 1592 rerum
1030 1528 1074 1598 a'c
1100 1506 1199 1641 '⁴3tem

177 1667 313 1783 pprum
340 1660 424 1742 apte
450 1634 649 1727 nectendo,
674 1620 887 1740 curioseque
911 1630 1112 1738 seruante,
1144 1644 1198 1725 lo·

178 1766 234 1845 cis
260 1763 472 1865 diligenter,
515 1760 626 1840 etiarn
659 1762 705 1836 ad
738 1748 963 1863 praesentem
995 1738 1199 1861 rationem,

178 1908 265 1991 apte
290 1886 529 1988 designando,
561 1886 754 1960 rebusr
693 1885 755 1987 tps
757 1913 773 1963 s
800 1886 963 1965 distincte
987 1874 1199 1988 narrandis',

179 2036 316 2114 genere
341 2012 499 2114 denique
526 2009 712 2109 loquendi.
776 2012 846 2087 Sed
867 2015 908 2089 in
932 2009 1066 2092 talibus
1089 2016 1218 2119 tebet,

177 2135 413 2238 perspicuitas
444 2131 544 2208 nulla
569 2131 687 2230 potest
712 2130 782 2207 else
819 2154 942 2223 tanta,
973 2139 1071 2236 quin
1089 2190 1092 2196 -
1110 2136 1200 2215 dest·
1249 2212 1255 2241 ·,
1355 2194 1359 2209 .

180 2260 284 2333 deret
307 2255 503 2346 lectorem,
545 2256 608 2354 qui
640 2276 771 2353 capere
798 2256 837 2332 &
864 2259 1097 2347 sentinetur
1120 2262 1201 2337 vim

177 2377 306 2484 pofflt,
337 2383 374 2453 h.
402 2405 434 2454 e.
457 2377 586 2479 quisrt
610 2364 746 2479 plenus⁴
765 2377 908 2469 literis,
949 2382 1201 2484 stne-quarum
1245 2456 1247 2461 ,
1326 2467 1328 2485 Ι

178 2506 327 2607 egregia
352 2502 499 2577 scientia
523 2501 666 2577 nullum
683 2501 741 2579 est
774 2503 952 2581 iudicium
982 2530 1094 2584 verae
1118 2531 1203 2610 per..

179 2628 393 2729 spicuitatis.
435 2629 547 2701 Nam
583 2645 629 2700 vt
668 2627 828 2726 imperiti
863 2626 1053 2707 literarum
1078 2631 1123 2706 δι·
1145 2621 1202 2725 ιη’-

179 2753 277 2827 tium
302 2753 393 2826 bene
415 2749 670 2850 intelligendi,
711 2750 751 2826 &
767 2772 867 2827 ¹vero
883 2754 1006 2828 etiarn
1028 2755 1198 2847 dicendi,
1249 2848 1252 2853 Ι

181 2872 387 2987 intelligere·
412 2873 473 2948 fibi
497 2873 689 2960 videntur,
724 2896 820 2972 quae
845 2872 1088 2953 obscurillima
1119 2877 1202 2965 ¹sunt
1334 2962 1336 2967 ,

177 2993 330 3101 perrrrff
331 3022 392 3072 mo
417 3018 570 3092 curque,
610 2996 661 3068 ita
688 2993 726 3066 in
748 2996 812 3084 iis,
850 3021 943 3097 quae
968 2999 1024 3076 his
1047 2995 1202 3099 planissi

179 3145 245 3199 rna
179 3122 371 3212 msunt,
397 3114 741 3219 impedirentur,
780 3118 853 3192 &
842 3142 880 3194 ιιι
905 3119 979 3222 ipsa
1003 3119 1086 3197 luce
1109 3122 1201 3204 nihil

1058 3244 1201 3324 vident.
1308 3314 1310 3323 .

262 3421 430 3501 'ljeutschen
448 3419 572 3491 Reichs,
598 3420 643 3486 hir
661 3439 731 3482 zum
758 3417 920 3483 Airsterben
944 3419 1051 3500 Kayser
1068 3424 1136 3489 carl
1152 3427 1204 3490 des

261 3524 397 3589 Sechsten
413 3550 463 3562 -·
482 3538 564 3604 1747·
585 3539 615 3603 4
636 3520 929 3605 vermehrt175a.4.
992 3525 1203 3598 commentarii

262 3629 300 3690 de
319 3628 406 3690 rebus
422 3626 542 3704 Imperii
562 3623 899 3690 Romano-Germanici
915 3623 969 3685 sub
995 3627 1124 3695 Henrico
1149 3635 1204 3702 IV.

143 3708 147 3714 ¹
262 3731 344 3798 &V.
360 3733 508 3807 -1748.
529 3744 561 3811 4.
621 3712 832 3791 commentarii
849 3712 886 3791 rie
908 3727 995 3790 rebus
1010 3712 1132 3813 Imperii
1144 3737 1204 3802 Ro·

266 3855 356 3897 meno
367 3832 553 3895 -Germanici
567 3831 620 3894 sub
635 3829 774 3893 Lothario
791 3829 831 3892 11.
852 3829 1033 3895 &Conrado
1052 3835 1106 3905 ΙΙΙ,
1119 3822 1218 3903 Libri

265 3937 303 4003 V.
322 3939 358 3999 ab
378 3956 456 4000 enno
483 3951 569 4015 1125.
589 3933 625 3996 ad
653 3953 764 3995 annum
790 3946 877 4013 1152.
895 3949 1099 4025 517534
1155 3940 1204 4004 D,
1289 3986 1293 4027 i.
1380 3980 1383 3987 ,

263 4041 333 4105 Iure
344 4040 513 4103 Feudorum
531 4042 563 4101 in
574 4035 703 4116 Imperio
719 4036 1041 4116 Romano-Germanico
1053 4040 1139 4121 liber.
1150 4064 1202 4109 ει·
1297 4042 1306 4055 “
1324 4062 1326 4066 ’

269 4156 357 4223 1753·
379 4149 409 4216 8·
423 4144 515 4211 aaut
534 4140 648 4209 auctior
663 4152 751 4221 1754·
772 4145 801 4214 8.

1054 4246 1202 4359 wa
