3059 5142
132 608 134 613 '
185 628 213 681 r.
332 594 814 719 *imperioinneruosnon
828 598 1066 729 volomtario.
1135 629 1197 724 99
1234 648 1242 697 r
1295 614 1300 623 '

132 766 134 813 ἰ
182 812 269 870 ante
307 791 424 870 secula
449 795 581 872 Christi
617 796 829 896 cognitione
854 793 937 871 caffi
963 795 1224 898 Philosophi„

178 940 225 996 ’ct
247 921 295 993 ab
326 918 441 993 omni·
461 918 620 994 alienum
654 919 696 994 srt
726 920 859 1009 dubio,
901 944 984 995 eam
1015 923 1197 997 rationem

179 1042 417 1119 reuelationis
454 1040 665 1115 illustratam
698 1040 835 1116 iumine
866 1037 1014 1142 plenam
1046 1047 1197 1121 tandem
1290 1142 1292 1146 .

180 1184 452 1266 reportaturam
471 1162 542 1240 eise
565 1166 610 1238 ab
631 1166 688 1240 hIs
704 1167 965 1242 irritationibus
989 1164 1197 1246 vidioriam.
1218 1238 1220 1257 ,

281 1396 369 1476 Hoc
392 1424 479 1501 ergo
510 1401 712 1474 mediatum
737 1396 882 1477 animae
906 1398 1110 1473 dominium
1134 1390 1199 1475 ve·

181 1545 263 1597 rum
292 1524 344 1598 est
368 1526 406 1597 in
430 1547 564 1625 corpus
590 1521 818 1621 imperium‚·
841 1522 881 1621 in
897 1546 946 1628 eo
972 1523 1121 1621 quidem
1145 1524 1201 1597 di-

182 1647 329 1723 versum
354 1647 486 1745 abillo
513 1648 710 1732 coniueto‚
735 1644 838 1743 quod
862 1644 983 1719 anima
1008 1646 1047 1718 in
1069 1644 1200 1721 volun·
1364 1739 1366 1747 Ι

181 1773 296 1844 ratiis·
320 1768 522 1845 adiionibus
557 1771 595 1843 δε
629 1769 754 1841 mixtis
786 1788 934 1843 exercet
966 1768 1004 1841 in
1043 1787 1200 1869 corpus,
1251 1796 1282 1825 ,-

182 1895 285 1994 quod
302 1893 364 1967 hic
386 1892 506 1967 anima
525 1892 617 1967 nihii
635 1892 845 1985 immediate
856 1893 1048 1982 decernat,
1072 1919 1202 1994 quem.
1278 1991 1280 1997 ,
1342 1909 1345 1917 -
1376 1922 1378 1927 .

162 2010 387 2093 =admodum
411 2016 557 2115 proprie
582 2015 626 2090 fit
649 2016 688 2091 in
712 2013 911 2089 adiionibus
937 2014 1132 2106 iliissita,
1156 2037 1204 2094 vt

184 2141 336 2242 impiex
362 2139 452 2215 adfit
476 2140 577 2228 idea,
604 2139 752 2215 sednon
774 2139 1037 2238 voiendoagat
1061 2142 1100 2213 in
1120 2164 1200 2215 cor·
1310 2134 1312 2141 '

132 2296 135 2339 :
182 2291 252 2366 pus
280 2267 420 2352 anima,
447 2264 682 2361 corporisque
707 2263 865 2336 mutatio
892 2286 976 2335 cum
1001 2264 1073 2334 hac
1097 2262 1202 2337 fimul
1305 2341 1307 2345 ,
1382 2268 1384 2273 ’

183 2385 341 2477 existat,
367 2410 482 2486 quae,
516 2407 602 2460 cum
636 2385 774 2484 semper
805 2385 842 2456 in
878 2407 985 2457 motu
1013 2385 1204 2481 consistat,

185 2540 207 2589 e
233 2513 356 2588 neruis
382 2499 688 2610 tanquamcausa
711 2508 881 2608 primaria
907 2510 1111 2607 pendente,
1138 2511 1211 2588 [ua.

186 2637 316 2738 sponte
342 2636 500 2722 indicat,
517 2624 603 2707 weffe
626 2634 698 2707 hoc
723 2633 866 2706 animae
898 2634 1091 2732 imperium
1116 2658 1201 2733 pro·

186 2762 330 2835 ximum
358 2761 395 2831 in
419 2782 571 2845 neruos,
595 2757 753 2831 sednon
777 2754 1027 2843 voluntarium
1052 2781 1097 2830 eo
1124 2754 1202 2831 sen·
1318 2776 1323 2785 ’

135 2910 140 2919 ·
185 2885 246 2972 iu,
271 2901 471 2982 quatenus,
503 2883 592 2956 dum
619 2879 661 2952 fit
685 2877 855 2967 effecit-2,
895 2903 971 2954 non
995 2883 1220 2978 proximam¹
1250 2917 1281 2980 s>

187 3011 228 3083 in
260 3004 455 3080 voiuntate
492 3005 672 3078 rationem
698 3003 831 3092 habet,
871 3027 918 3078 eo
951 3023 1077 3078 autem
1102 2998 1203 3078 sensu

185 3116 458 3215 voluntarium,
474 3138 669 3225 ’quatenus
685 3130 828 3201 remote
851 3124 1023 3202 voluntas
1040 3128 1206 3204 hominis

187 3257 240 3330 isa
248 3252 439 3352 disponere
447 3248 564 3349 potest
578 3249 756 3339 animam,
783 3272 828 3325 vt
843 3247 918 3325 suas
946 3251 1012 3322 has
1028 3250 1202 3343 mutatio·

187 3402 253 3452 nes
282 3373 527 3474 inexpediatas
551 3397 626 3447 non
648 3374 857 3470 experiatur
880 3397 966 3448 cum
992 3371 1206 3471 subsequen·

189 3501 290 3575 tibus
315 3499 579 3571 mutationibus
605 3496 787 3595 corporis,
820 3494 902 3584 vel,
933 3519 1021 3570 cum
1047 3494 1205 3573 afficitur

189 3645 318 3708 mens,
344 3621 438 3696 aliae
462 3621 593 3697 obuiae
619 3621 723 3694 ideae
746 3617 1102 3695 multumdiffimiies
1126 3623 1208 3724 sup·
1249 3666 1253 3683 ‹

190 3747 352 3846 primunt
366 3769 458 3839 eas,
484 3768 576 3841 quae
602 3745 748 3842 corpori
774 3745 866 3818 adeo
892 3741 1012 3819 forent
1037 3749 1181 3823 noxiae.

251 3936 254 3941 Ι
293 3978 392 4052 Cum
417 4001 510 4079 ergo
538 4000 634 4051 nunc
659 3930 705 4051 de
732 3977 804 4058 hoc
830 3979 987 4078 Imperio
1011 3976 1211 4057 dicendum

189 4098 244 4176 est
268 4102 380 4192 mihi,
430 4100 576 4205 possetis
607 4102 630 4217 ¹i
661 4127 721 4179 me
754 4104 961 4203 postulare,
1005 4112 1052 4182 A.
1080 4107 1132 4183 O.
1158 4106 1209 4183 O.

681 4227 770 4307 Ga
1173 4228 1214 4306 'do
