3059 5142
162 710 167 721 ,
318 603 407 717 436
495 590 783 697 Reditiones&
806 590 1101 719 obseruatinas
1121 601 1208 698 ξιτ.

321 792 546 895 Theologos-
559 791 620 867 sed
645 792 686 867 δι
710 794 988 895 perspicaciores
1002 796 1139 897 (qualis
1165 797 1250 877 Cel.
1270 803 1350 879 Me·

206 906 210 912 ’
317 918 417 995 ierus
449 920 488 993 in
521 915 738 999 Mediede
781 915 885 1020 relig.
920 921 1082 1017 Christ)
1107 922 1350 1027 Philosophos

189 1130 194 1143 Ι
317 1024 489 1145 prodire,
511 1043 575 1143 qui
599 1044 840 1143 praecipuum
867 1043 940 1119 hoc
961 1032 1128 1119 Μιθιαι
1154 1026 1349 1133 demvm
1384 1036 1388 1111 .'

313 1164 538 1291 agnoscant,
566 1163 718 1242 mirifice
732 1165 877 1258 laetor3
907 1190 950 1241 ac
973 1162 1103 1242 iactari
1119 1186 1273 1241 mecum
1288 1188 1349 1242 eos

318 1311 470 1389 quoque
468 1285 758 1380 crediderim,
769 1292 833 1391 qui
866 1288 1004 1366 sensum
1028 1289 1161 1367 Sacrae
1187 1290 1351 1389 Scriptu-

185 1418 190 1425 '
317 1434 381 1487 rae
405 1412 568 1511 penitius
595 1412 719 1489 rimari
745 1410 872 1491 solent.
923 1412 1061 1488 Dedi
1049 1414 1164 1513 agitur
1185 1434 1263 1487 non
1287 1410 1348 1486 nifi

317 1533 614 1633 praeliminarem
630 1536 848 1614 relationem
862 1536 945 1613 iibri
962 1534 1184 1625 Ernessiani,
1212 1536 1251 1610 in
1273 1558 1346 1635 quo

166 1681 169 1687 ·
317 1681 413 1759 quae
439 1658 679 1760 disputationi
703 1664 843 1764 magis,
867 1684 978 1762 quam
994 1658 1087 1736 libro
1103 1660 1347 1750 conueniunt,

316 1780 507 1872 resectum,
525 1783 693 1858 additum
716 1808 809 1863 vero
832 1786 875 1860 iri
882 1831 896 1872 ,
922 1807 1018 1885 quae
1041 1785 1079 1858 in
1092 1781 1187 1857 libro
1210 1780 1343 1860 reatus

315 1929 427 2005 quarn
454 1909 493 1981 in
516 1904 762 2008 disputatione
796 1908 992 1999 dicuntur,
1032 1905 1115 1983 Cel.
1142 1904 1281 1983 Αιιᾶοι
1304 1907 1346 1983 li·
1373 1904 1379 1957 Ῑ·

154 2070 159 2079 -
210 2048 213 2053 ’
315 2033 403 2106 teris
429 2031 477 2106 ad
489 2054 549 2107 me
564 2032 658 2109 datis
683 2029 908 2134 fignificauin
961 2033 1074 2131 Spero
1099 2032 1226 2132 itaque
1253 1970 1377 2147 sorni

168 2152 173 2163 '
242 2166 247 2184 ¹
314 2174 360 2231 vt
384 2156 599 2256 propediem
626 2154 769 2256 plenior
792 2155 903 2230 huius
926 2152 1031 2244 iibri,
1057 2156 1094 2229 in
1117 2180 1193 2256 quo
1218 2156 1375 2251 themati

378 2275 488 2379 piane
513 2302 590 2353 non
615 2280 767 2368 tritum,
810 2301 853 2352 ac
880 2279 991 2353 aetati
1017 2277 1161 2354 nostrae
1186 2278 1281 2357 scitu
1372 2380 1374 2385 Ι

287 2456 292 2465 .
331 2384 336 2395 ’
429 2399 732 2503 pernecessarium
752 2399 1235 2501 pertractabitur,recens10

333 2508 338 2519 ’
513 2520 516 2527 ’
674 2526 844 2628 subiungi
869 2520 991 2629 poffit.
